3634 5717
746 650 874 719 212

820 2979 865 3044 4

750 3064 875 3109 10³0

948 862 1022 924 ut
1064 855 1409 924 audierent
1450 854 1655 922 uerbi

950 1008 1020 1075 di
1067 1013 1134 1075 et
1173 1007 1321 1093 ipse
1362 1008 1584 1075 stabat
1625 1025 1700 1074 se

950 1180 1064 1228 eus
1108 1166 1417 1245 stagnum
1460 1179 1590 1246 gen

947 1318 1212 1382 nesaret
1252 1311 1425 1380 uidit
1465 1311 1633 1380 duas

948 1485 1156 1535 naues
1198 1471 1377 1534 stare
1419 1483 1608 1533 secus

949 1618 1194 1704 stagnfi
1237 1617 1603 1704 pisestores

950 1770 1012 1836 h'
1055 1768 1539 1838 descenderant
1582 1773 1650 1835 et

949 1922 1266 1991 lauabant
1306 1920 1480 1989 retia
1520 1938 1719 1988 aseen

950 2072 1115 2141 dens
1160 2078 1311 2141 ante
1357 2073 1426 2140 in
1470 2083 1603 2140 uns
1644 2091 1735 2139 na

949 2246 1098 2294 uem
1142 2244 1289 2310 quie
1330 2230 1476 2293 erat
1516 2223 1686 2291 simo

948 2378 1053 2447 nis
1096 2377 1360 2464 rogauit
1401 2386 1486 2444 en
1529 2382 1604 2442 ut
1643 2396 1717 2444 re

950 2529 1217 2598 dneeret
1257 2550 1301 2600 a
1340 2535 1520 2600 terra
1560 2548 1652 2614 pu

948 2682 1102 2751 sillfi
1148 2688 1216 2749 et
1254 2681 1495 2750 sedens
1538 2681 1626 2749 do

951 2835 1143 2901 eebat
1184 2834 1270 2903 de
1312 2833 1624 2902 nauicula

949 2986 1174 3053 turbas
1218 2985 1307 3053 Ut
1350 2984 1639 3053 cessauit

747 3166 795 3212 ιο
821 3116 900 3211 {uo
949 3137 1012 3205 h'
1053 3137 1235 3223 loqui
1277 3135 1450 3204 dixit
1491 3137 1580 3203 ad
1622 3137 1681 3203 si

815 3593 859 3657 5

951 3300 1145 3358 mone
1187 3289 1316 3357 due
1357 3289 1430 3356 in
1474 3288 1616 3357 altu
1661 3294 1730 3356 et

949 3441 1175 3510 laxate
1218 3441 1388 3510 retia
1428 3447 1653 3509 uestra

945 3593 1012 3659 in
1056 3600 1333 3680 eapturfi
1376 3599 1444 3661 et
1485 3612 1727 3680 respon

949 3745 1116 3815 dens
1157 3747 1372 3815 simon
1416 3745 1590 3814 dixit
1633 3745 1679 3811 il

948 3898 998 3963 li
1043 3905 1408 3984 praeceptor
1447 3917 1567 3983 per
1608 3904 1679 3964 to

947 4056 1018 4116 te
1059 4056 1252 4116 noete
1294 4049 1676 4117 laborantes

946 4200 1111 4266 nihil
1157 4199 1494 4285 eoepimus
1536 4201 1654 4268 sed

949 4350 1015 4415 in
1057 4351 1259 4417 uerbo
1302 4357 1415 4416 tuo
1460 4351 1570 4418 lax

1880 651 2153 720 Lcc5

2148 857 2191 921 6

2104 4047 2185 4114 10

2275 855 2402 923 abo
2444 853 2619 922 retia
2659 859 2727 921 et
2765 853 2846 920 01‘1

2273 1007 2401 1074 hoe
2442 1004 2759 1075 fecissent
2801 1024 2925 1072 eon

2275 1159 2609 1226 eluserunt
2656 1156 2874 1243 piscini
2919 1157 3054 1267 nivl

2274 1310 2555 1378 titudine
2595 1310 2868 1396 copiose
2907 1319 2990 1377 ru

2271 1463 2596 1549 pebantur
2635 1462 2698 1530 h'
2740 1462 2916 1531 retia
2956 1482 3036 1530 eo

2271 1616 2349 1682 rfi
2393 1620 2461 1683 et
2504 1612 2877 1682 adnuerunt
2919 1633 2996 1682 so

2271 1767 2394 1836 ciis
2439 1772 2508 1834 et
2545 1766 2658 1851 qni
2701 1772 2895 1835 erant
2936 1766 3008 1832 in
3049 1786 3095 1834 a

2270 1919 2367 1990 lia
2407 1938 2582 1990 naue
2627 1925 2700 1986 ut
2738 1918 3044 1988 uenirent

2272 2078 2341 2140 et
2382 2070 2771 2140 adini-arent
2812 2091 2927 2140 eos

2271 2230 2341 2292 et
2375 2229 2699 2293 uenerunt
2740 2228 2809 2291 et
2850 2222 2920 2288 in

2273 2376 2620 2462 plenemnt
2662 2376 2894 2444 ambas

2272 2527 2616 2597 nauiculas
2659 2527 2757 2596 its
2796 2533 2869 2595 ut
2912 2547 3053 2595 mer

2274 2686 2606 2767 gerentur.
2650 2678 2840 2760 Quod
2884 2686 2962 2748 οῦ

2277 2832 2539 2901 uideret
2581 2831 2795 2900 simon
2840 2851 2928 2918 pe

2272 2991 2413 3052 trus
2454 2982 2743 3070 procidit
2781 2981 2871 3051 ad
2913 2982 2983 3050 ia

2272 3156 2408 3205 nus
2446 3136 2566 3204 ihu
2609 3135 2840 3206 dieens
2885 3134 2995 3202 exi
3038 3155 3082 3202 a

2273 3308 2378 3357 me
2423 3289 2556 3357 dne
2598 3288 2657 3374 q'
2700 3288 2898 3356 homo
2943 3307 3067 3375 me

2272 3448 2458 3510 eator
2498 3451 2578 3510 sn
2615 3448 2844 3528 stupor
2888 3441 2940 3509 Η

2208 3634 2236 3666 0
2270 3594 2394 3662 eir†
2439 3594 2522 3662 eu
2569 3599 2638 3661 et
2678 3612 2907 3662 omnes
2949 3593 3061 3678 qvi

2269 3756 2354 3813 cn
2395 3745 2514 3814 illo
2558 3751 2750 3813 erant
2787 3745 2856 3812 in
2900 3765 3026 3830 cap

2270 3906 2419 3966 tura
2458 3897 2676 3984 pisein
2720 3916 2886 3983 quos

2267 4002 2626 4136 eoeperunt
2668 4048 2873 4116 simili

2267 4208 2369 4269 ter
2405 4202 2468 4267 h’
2512 4200 2726 4270 iacob,
2767 4207 2838 4269 et
2877 4200 3079 4269 iehan

2264 4353 2370 4419 nis
2401 4354 2523 4419 filii
2552 4353 2822 4421 zebedei
2856 4353 2967 4437 qui
2998 4359 3190 4420 erant
3213 4373 3292 4420 so

2436 4506 2525 4573 eii
2567 4506 2842 4573 simonis
