3634 5717
776 716 903 783 326

1771 718 1970 779 eeein
2016 712 2136 779 Iob
2181 711 2232 778 C
2278 714 2314 778 7

777 917 828 984 C
874 918 912 984 7
980 920 1138 985 Post
1180 918 1347 985 haee
1390 916 1768 984 ambulabat

863 3500 906 3565 σι

985 1070 1088 1136 ibe
1134 1070 1199 1135 in
1247 1069 1546 1156 ga[li]lef2
1589 1090 1720 1136 non
1766 1070 1938 1135 enim

984 1222 1250 1289 uolebat
1293 1222 1362 1286 in
1406 1219 1622 1287 iudaee
1665 1221 1865 1304 ambi,

982 1375 1123 1441 lare
1168 1372 1324 1457 quia
1367 1370 1727 1455 querebant

986 1534 1068 1591 οὐ
1116 1523 1312 1590 iudaei
1356 1523 1723 1590 interficere

986 1683 1128 1743 erat
1171 1683 1323 1742 aute
1369 1675 1435 1739 in
1484 1674 1781 1760 proximo
1856 1753 1860 1758 ,

986 1827 1128 1894 dies
1175 1827 1381 1893 festus
1426 1826 1715 1893 iudaeorv
1836 1873 1844 1880 -

984 1978 1445 2065 seenopoegia.
1492 1977 1709 2045 dixeit

987 2151 1145 2216 ergo
1191 2130 1278 2198 ad
1322 2132 1404 2198 eti
1452 2132 1687 2198 fratres
1728 2131 1790 2197 ei

986 2303 1062 2350 us
1107 2283 1314 2350 nansi
1360 2283 1516 2350 bine
1557 2291 1624 2349 et
1665 2303 1752 2349 ua

987 2434 1070 2502 de
1116 2435 1446 2540 iniudaee
1491 2443 1559 2501 ut
1605 2434 1879 2534 etodisei

990 2587 1125 2673 puli
1172 2587 1267 2653 tui
1311 2585 1583 2654 uideant
1629 2606 1754 2671 ope

993 2759 1069 2806 ra
1112 2759 1280 2823 quae
1325 2738 1492 2805 facis
1539 2758 1728 2805 nemo

987 2892 1054 2958 in
1104 2891 1356 2959 oeeulto
1403 2891 1652 2975 aliquid
1695 2895 1765 2958 fa

990 3043 1080 3109 eit
1125 3052 1191 3108 et
1235 3044 1470 3125 quaerit
1513 3045 1658 3128 ipse
1698 3043 1764 3108 in

991 3194 1147 3279 pali
1191 3213 1337 3260 esse
1380 3195 1436 3260 ei
1482 3195 1648 3261 haee
1691 3195 1758 3260 fa
1826 3182 1833 3191 ’

990 3345 1084 3412 eis
1130 3345 1483 3413 manifesta
1525 3353 1589 3413 te
1630 3347 1772 3432 ipsi

991 3495 1143 3563 huie
1187 3498 1428 3565 mundo
1474 3498 1618 3582 neq'
1664 3509 1772 3564 eni

991 3650 1225 3716 fratres
1273 3650 1412 3717 eius
1458 3649 1813 3717 eredebant

993 3801 1057 3866 in
1108 3811 1210 3868 efl.
1258 3801 1421 3868 dieit
1461 3821 1618 3887 ergo
1665 3802 1761 3870 eis

991 3954 1095 4019 ibe
1139 3961 1398 4038 tempus
1442 3954 1591 4018 meti
1641 3973 1767 4017 non

991 4105 1079 4170 dfl
1127 4103 1310 4170 uenit
1353 4114 1545 4188 tepus
1586 4111 1736 4169 aute

993 4256 1215 4322 uestrfi
1261 4274 1520 4339 semper
1565 4264 1665 4322 est
1709 4277 1795 4341 pa

994 4415 1142 4472 ratfl
1189 4426 1316 4471 non
1364 4411 1580 4490 potest
1626 4428 1775 4473 mvn

995 4556 1381 4623 dus-odisse
1428 4577 1543 4624 noe
1590 4578 1693 4625 me
1737 4580 1822 4625 au

1164 4716 1226 4773 te
1275 4710 1413 4775 odit

2178 1373 2216 1435 8

2145 2422 2225 2488 10

2148 3343 2217 3406 11

2146 3953 2223 4016 12

2248 895 2253 900 ’
2302 917 2457 1000 quia
2503 938 2629 1013 ego
2674 916 2937 981 testimo

2306 1070 2419 1134 niti
2468 1069 2781 1154 perhibeo
2827 1067 2908 1134 de
2956 1066 3001 1131 il

2302 1223 2366 1287 lo
2413 1221 2571 1303 quia
2616 1240 2818 1306 opera
2864 1220 3005 1286 eius

2308 1373 2484 1439 mala
2526 1378 2677 1439 sunt
2722 1392 2839 1438 uos
2886 1393 2958 1438 as

2309 1523 2570 1591 eendite
2617 1523 2703 1589 ad
2747 1524 2855 1590 die
2903 1523 3069 1588 feet&

2307 1696 2433 1760 ego
2480 1696 2608 1742 non
2656 1676 2944 1742 aseendo

2309 1826 2394 1894 ad
2438 1827 2547 1894 die
2594 1828 2765 1893 festfi
2813 1827 2985 1893 hune

2308 1980 2463 2063 quia
2505 1987 2695 2064 tepus
2741 1981 2887 2046 mefi
2939 2000 3066 2045 non

2309 2131 2548 2207 dfi,est
2592 2130 2846 2217 inpletfi
2893 2131 3034 2197 haee

2309 2295 2387 2349 esi
2435 2283 2714 2351 dixisset
2758 2285 2902 2368 ipse
2946 2302 3096 2348 man

2310 2438 2398 2502 eit
2441 2437 2508 2502 in
2555 2438 2823 2520 galilaei
2864 2441 2937 2501 ut
2975 2453 3059 2499 au

2314 2597 2378 2655 te
2425 2587 2862 2656 ascenderunt
2907 2589 3047 2653 fra'

2310 2748 2441 2807 tres
2488 2739 2629 2806 eius
2672 2747 2828 2806 tune
2871 2746 2938 2806 et

2311 2897 2455 2978 ipse
2501 2893 2803 2961 aseendit
2848 2892 2933 2959 ad
2978 2890 3048 2956 di

2313 3066 2416 3111 em
2461 3046 2633 3111 festfi
2679 3065 2809 3111 non
2856 3065 2964 3110 ma

2313 3197 2550 3264 nifeste
2594 3196 2711 3263 sed
2758 3196 2944 3280 quasi

2314 3348 2379 3413 in
2427 3348 2679 3414 oeculto
2726 3346 2922 3413 iudaei
2968 3369 3040 3415 er

2312 3521 2397 3584 go
2444 3498 2825 3583 quaerebant
2869 3498 2935 3564 in

2313 3651 2419 3717 die
2468 3651 2634 3717 festo
2681 3658 2748 3717 et
2791 3650 2936 3717 diee

2311 3804 2471 3869 bant
2513 3802 2623 3867 ubi
2669 3809 2770 3868 eet
2816 3802 2926 3868 ille

2312 3962 2376 4021 et
2421 3974 2707 4020 murmur
2751 3954 2832 4020 de
2875 3955 2922 4018 il

2312 4108 2375 4172 lo
2419 4115 2561 4172 erat
2606 4107 2671 4172 in
2717 4109 2905 4173 turba
2951 4105 3060 4189 qvi

2313 4257 2399 4323 de
2443 4269 2552 4324 eni
2598 4257 2907 4324 dicebant

2314 4411 2470 4492 quia
2514 4410 2719 4476 bonus
2764 4417 2866 4475 est
2909 4408 2997 4474 ali

2312 4563 2334 4626 i
2382 4570 2532 4627 aute
2578 4561 2887 4629 dicebant
2930 4580 3055 4625 non

2315 4715 2429 4778 sed
2478 4701 2731 4778 sedueit
2774 4713 2995 4777 turbas
