3634 5717
363 641 483 708 Fol
539 643 650 707 141
1411 641 1503 708 Lo
1546 639 1597 708 C
1641 642 1720 710 21
1767 642 1855 709 22
2782 646 2908 712 279

400 843 488 910 30
574 843 654 909 oti
700 843 1066 929 producunt
1109 844 1173 909 ia
1216 864 1300 911 ex
1343 863 1413 909 se

569 995 783 1062 fruetfi
825 994 1010 1063 scitis
1055 995 1211 1079 quia
1252 1014 1371 1079 pro

395 1147 475 1213 31
567 1167 650 1232 pe
697 1149 799 1213 eet
839 1151 1060 1213 aestas
1104 1145 1200 1213 ita
1242 1151 1310 1212 et
1353 1164 1469 1213 nos

566 1307 647 1364 en
691 1294 993 1364 uideritis
1034 1295 1202 1363 haee
1243 1296 1328 1364 fle

566 1449 622 1514 ri
667 1448 903 1516 soitote
946 1458 1074 1534 qno
1113 1468 1318 1535 prope

399 1607 484 1674 32
570 1607 670 1668 est
711 1578 986 1686 regnum
1029 1568 1100 1666 iii
1145 1619 1337 1668 amen

566 1752 714 1854 dieo
758 1750 944 1820 uobis
986 1751 1144 1836 qnia
1183 1771 1315 1817 non

565 1902 926 1989 praeteriuit
965 1922 1214 1988 genera

568 2054 660 2121 tio
704 2053 872 2122 haee
913 2053 1125 2122 donee
1168 2073 1274 2120 om

400 2209 482 2274 33
568 2206 684 2273 nia
724 2207 888 2274 fiant
924 2206 1089 2272 ooelfi
1131 2211 1198 2272 et
1240 2212 1340 2273 ter

547 2352 645 2425 'ra
686 2357 1057 2426 transibunt
1101 2378 1215 2426 ner

568 2509 654 2577 ba
696 2516 847 2576 ante
892 2529 1043 2577 mea
1086 2529 1215 2577 non
1262 2516 1408 2578 tran

395 2668 481 2733 34
566 2661 741 2728 nient
780 2659 1138 2730 Adtendite
1179 2681 1263 2728 av
1303 2646 1315 2662 ⁸

414 2805 465 2850 ¹⁰
567 2819 630 2879 te
675 2812 861 2881 nobis
907 2833 989 2880 ne
1034 2813 1200 2881 forte

565 2923 944 3048 granentnr-
964 2963 1165 3031 eorda

563 3121 786 3184 uestra
828 3115 899 3182 in
943 3117 1215 3201 erapnla
1259 3123 1326 3183 et

565 3266 884 3335 ebrietate
928 3274 995 3363 et
1033 3267 1203 3334 euris

563 3421 754 3487 hnins
801 3419 976 3488 uitae
1022 3425 1088 3485 et
1123 3437 1321 3504 snper

564 3572 789 3640 ueniat
832 3570 900 3638 in
946 3590 1063 3637 nos
1108 3590 1308 3655 repen

398 3738 482 3803 35
567 3724 709 3792 tina
751 3723 895 3790 dies
940 3721 1058 3790 illa
1101 3729 1298 3806 taqua

564 3876 836 3961 laquens
878 3886 986 3942 eni
1030 3893 1227 3960 snper

564 4025 785 4094 ueniet
828 4026 895 4093 in
942 4044 1166 4093 omnes
1213 4025 1322 4108 qni
1396 4040 1400 4044 ’

567 4178 801 4247 sedent
843 4198 1040 4263 snper
1080 4177 1150 4245 fa

398 4329 482 4393 36
568 4331 667 4397 eie
709 4330 921 4397 omnis
962 4337 1176 4397 terrae
1221 4330 1288 4395 ui

567 4482 775 4567 gilate
824 4481 977 4565 itaq'
1022 4481 1198 4548 omni
1245 4488 1308 4545 te

872 4653 1030 4719 pore

1894 849 2158 910 orantes
2203 850 2273 909 nt
2316 842 2505 928 digni
2547 845 2716 911 habe
2822 890 2825 893 -

1890 994 2097 1062 amini
2142 994 2371 1080 fugere
2415 994 2547 1063 ista
2588 1017 2692 1062 om

1887 1145 2003 1213 nia
2045 1167 2212 1231 qnae
2256 1146 2474 1216 futura
2514 1155 2668 1215 sunt

1890 1305 1956 1364 et
1998 1305 2175 1366 stare
2220 1306 2375 1366 ante
2428 1298 2568 1365 filii
2619 1299 2906 1368 hominia

1717 1454 1797 1520 37
1889 1450 2050 1518 Erat
2092 1460 2244 1518 ante
2291 1450 2521 1518 diebus
2565 1450 2652 1518 do

1683 1537 1824 1585 Bm
1888 1621 2044 1669 eene
2088 1603 2156 1668 in
2203 1602 2448 1688 templo
2492 1601 2670 1668 noeti

1886 1752 1944 1817 b'
1987 1773 2142 1820 uero
2189 1752 2417 1820 exiens
2461 1755 2736 1821 moraba

1885 1910 1988 1969 tur
2030 1903 2099 1970 in
2146 1911 2368 1972 monte
2413 1905 2524 1990 qni
2568 1926 2735 1973 noea

1639 2072 1652 2083 ·
1714 2051 1798 2116 38
1885 2060 1988 2121 tur
2032 2055 2273 2122 oleueti
2318 2062 2385 2123 et
2426 2057 2639 2123 omnis

1888 2205 2168 2291 populns
2213 2206 2498 2274 diluenlo
2544 2204 2684 2293 nigi

1886 2355 2070 2423 labat
2111 2356 2198 2423 ad
2244 2367 2326 2424 en
2372 2357 2438 2422 in
2487 2358 2732 2442 templo
2776 2378 2861 2425 an

1889 2506 2031 2574 dire
2075 2509 2157 2575 efi

1679 2661 1734 2791 ¹0
1751 2663 1842 2791 223
1891 2658 1989 2725 Ad
2033 2659 2271 2744 propin

1681 2759 1857 2946 ¹:²1}ss
1892 2809 2135 2894 qnabat
2179 2817 2331 2878 aute
2376 2810 2520 2878 dien
2565 2812 2663 2878 fes

1681 2914 1754 2945 mr

1680 2951 1726 2997 ¹⁰
1749 2953 1802 2997 ⁴⁸
1889 2967 1993 3028 tus
2037 2961 2326 3029 azimorfi
2372 2962 2482 3047 qni
2528 2962 2767 3030 dieitur

1679 3209 1694 3252 ¹
1749 3125 1827 3253 22ssl
1887 3112 2137 3197 paseha
2180 3114 2263 3180 Et
2307 3115 2666 3199 querebant

1698 3220 1724 3252 0

1680 3261 1853 3354 mtlw
1887 3264 2221 3349 principes
2261 3266 2611 3334 sacerdotii

1649 3362 1855 3423 ,μη-122

1680 3425 1725 3455 ¹⁰
1750 3411 1803 3456 ⁷⁷
1862 3422 1957 3482 ‘et
1999 3415 2253 3483 scribae
2292 3417 2617 3501 quomodo

1886 3575 1967 3631 en
2014 3565 2454 3633 interficerent
2496 3566 2653 3634 time
2766 3604 2783 3613 =

1886 3717 2046 3782 bant
2087 3738 2243 3785 nero
2286 3718 2547 3804 plebem

1681 3957 1694 3998 Ι
1748 3870 1829 3998 32
1886 3870 2164 3937 Intravit
2208 3869 2271 3934 h’
2308 3878 2576 3937 satanas
2632 3870 2698 3936 in
2752 3870 2906 3938 iuda

1648 4019 1725 4101 '50
1749 4007 1828 4101 ἦε
1888 4020 1997 4105 qni
2043 4021 2629 4107 cognominabatur
2671 4042 2785 4089 soa

1680 4113 1726 4152 et
1752 4108 1832 4151 m
1886 4173 2054 4241 rioth
2100 4194 2264 4240 unns
2310 4173 2392 4240 de
2437 4173 2653 4240 dnode

1681 4417 1696 4461 Ι
1750 4331 1831 4460 24⁰3
1883 4338 1944 4393 ei
1990 4327 2072 4392 Et
2113 4325 2278 4392 abiit
2322 4332 2387 4392 et
2429 4326 2682 4391 loeutus

1701 4429 1726 4461 ο,

1681 4468 1857 4614 „²27AE
1890 4485 1989 4544 est
2033 4480 2112 4544 01⁶1
2160 4476 2503 4562 principib’

1682 4582 1756 4615 mr
1778 4570 1803 4615 1
