3634 5717
744 662 868 727 144

774 861 859 928 52
946 881 1076 927 non
1123 871 1231 926 eni
1276 860 1693 926 intellexerit

946 1011 1031 1078 de
1073 1010 1293 1097 panib’
1337 1018 1481 1077 erat
1520 1021 1630 1077 eni
1681 1030 1792 1077 eor

774 1168 859 1233 53
946 1163 1139 1229 illorfi
1181 1146 1462 1228 obtunsfi
1509 1169 1576 1228 et
1612 1161 1693 1227 eti

946 1316 1485 1382 transfretassent
1527 1332 1728 1397 perne

945 1472 1182 1533 nerunt
1224 1464 1310 1532 ad
1354 1470 1530 1532 terri
1568 1483 1695 1549 gen

773 1626 861 1692 54
945 1638 1138 1686 nesar
1176 1618 1262 1683 Et
1302 1634 1609 1702 egressus

740 1710 914 1907 {1³²}
948 1768 1031 1835 de
1076 1768 1231 1836 naui
1275 1767 1583 1834 eontinuo
1628 1786 1755 1850 oog

772 1912 859 1979 55
945 1926 1266 1988 nonerunt
1307 1919 1391 1985 efi
1438 1925 1505 1985 et
1546 1938 1665 2002 per

943 2062 1275 2139 eurrentes
1320 2070 1550 2137 uniuer

943 2228 1019 2290 sa
1061 2222 1335 2307 regione
1378 2221 1497 2288 illi
1538 2240 1656 2286 coe

942 2380 1180 2458 petunt
1214 2373 1281 2438 in
1327 2372 1624 2458 grauatis

941 2545 1056 2593 eos
1101 2525 1211 2611 qui
1256 2545 1328 2591 se
1373 2524 1546 2591 male
1590 2524 1761 2590 babe

941 2676 1102 2742 bant
1145 2676 1497 2742 eirefiferre
1539 2675 1650 2742 ubi

944 2827 1303 2896 audiebant
1344 2838 1427 2895 eu
1471 2846 1618 2895 esse

769 2977 855 3043 56
940 2985 1010 3046 et
1051 2980 1323 3064 quoeuq’
1364 2977 1598 3045 introis

941 3136 1044 3195 set
1085 3129 1151 3195 in
1195 3129 1377 3196 uieos
1420 3130 1526 3197 uel
1572 3131 1641 3195 in
1687 3129 1747 3195 ei

942 3279 1182 3346 uitates
1224 3287 1338 3347 aut
1381 3280 1447 3345 in
1494 3280 1690 3347 uillas

941 3429 1274 3513 ponebant
1312 3430 1602 3497 infirmos

940 3598 1093 3645 suos
1137 3579 1207 3645 in
1252 3579 1492 3665 plateis
1537 3588 1605 3647 et
1647 3581 1732 3648 de

940 3730 1394 3814 praeeabantur
1436 3733 1521 3798 eu
1564 3738 1637 3797 ut

940 3880 1043 3946 uel
1089 3880 1346 3946 fimbria
1382 3881 1702 3948 uestimen

936 4014 993 4093 ti'
1033 4029 1174 4099 eius
1217 4035 1568 4112 tangerent
1612 4038 1678 4097 et

936 4183 1251 4262 quotquot
1293 4178 1655 4262 tangebant

733 4326 800 4457 g
823 4328 874 4457 gl
909 4329 1017 4394 ,eu
1059 4329 1229 4394 salui
1274 4328 1521 4397 fiebant
1563 4331 1646 4396 Et

732 4462 881 4556 ”30⁷⁰
938 4479 1334 4544 conueniunt
1376 4466 1485 4545 a'd-
1507 4490 1591 4547 eu

1843 658 2203 726 lun-067

2266 859 2578 945 pharisaei
2624 866 2692 925 et
2735 859 2937 942 quida

2266 1008 2350 1076 de
2392 1007 2626 1077 scribis
2671 1010 2908 1078 uenien

2266 1168 2369 1228 tes
2413 1162 2499 1229 ab
2542 1161 2878 1247 hierosoly

2139 1316 2180 1380 2
2266 1312 2391 1378 mis
2435 1320 2503 1379 et
2544 1322 2624 1379 eu
2670 1312 2995 1380 uidissent

2265 1464 2518 1549 quosda
2559 1483 2643 1530 ex
2686 1463 2944 1549 diseipv

2265 1615 2349 1681 lis
2392 1616 2534 1683 eius
2578 1635 2710 1682 nou
2753 1615 2907 1681 lotis

2268 1766 2508 1834 manib’
2552 1765 2876 1833 manduca

2267 1938 2338 1984 re
2382 1925 2556 2003 pane
2599 1918 2982 2002 uituperaue

2133 2065 2175 2130 3
2260 2077 2412 2136 runt
2454 2089 2567 2135 eos
2611 2067 2900 2155 pharisei

2263 2226 2415 2286 aute
2458 2226 2526 2287 et
2566 2239 2792 2287 omues
2835 2219 2901 2285 iu

2263 2372 2390 2438 daei
2436 2372 2565 2440 nisi
2611 2371 2837 2440 erebro
2882 2390 2970 2455 pu

2262 2525 2425 2610 gillo
2469 2527 2697 2616 lauent
2740 2540 2969 2590 manus

2260 2697 2389 2743 non
2435 2674 2836 2743 mandueant
2877 2681 2944 2740 te

2259 2835 2491 2895 nentes
2534 2825 2888 2893 traditione

2129 2979 2172 3043 4
2258 2979 2523 3045 seniorti
2570 2984 2637 3044 et
2675 2979 2756 3045 eti
2801 2998 2844 3042 a
2887 2978 2953 3043 so

2257 3152 2331 3197 ro
2374 3127 2678 3196 uenerint
2717 3127 2847 3194 nisi

2256 3281 2667 3368 baptizentur
2710 3299 2840 3346 non

2258 3433 2528 3517 capiunt
2569 3432 2717 3498 eibfi
2763 3438 2832 3499 et
2873 3431 2962 3498 ali

2257 3605 2300 3650 a
2340 3584 2548 3651 multa
2589 3605 2733 3669 quae
2773 3582 2946 3649 tradi

2256 3742 2327 3801 ta
2368 3742 2520 3802 sunt
2563 3735 2698 3802 illis
2741 3755 2936 3802 serua

2256 3905 2326 3951 re
2370 3886 2773 3973 baptismata
2815 3904 2896 3951 oa

2254 4037 2396 4102 lieu·
2431 4043 2499 4103 et
2540 4038 2809 4103 ureeorfi
2856 4042 2922 4101 et

2252 4190 2686 4255 aeramentorfi
2729 4194 2795 4255 et

2124 4340 2168 4404 5
2252 4338 2500 4405 lectorii
2539 4340 2622 4404 Et
2665 4339 2836 4405 inter

2051 4437 2120 4467 mr
2146 4424 2194 4468 71

2124 4476 2152 4518 6

2049 4528 2120 4569 mt
2143 4526 2221 4570 ιω
2252 4490 2578 4574 rogabant
2621 4493 2705 4557 mi
2750 4492 2875 4558 seri
