3634 5717
728 649 852 717 196

759 852 842 914 57

758 1155 842 1220 58

758 1914 843 1978 59

760 3280 834 3343 61

756 3738 839 3800 62

756 4040 837 4102 63

932 850 1215 918 elizabet
1256 858 1472 918 autem
1518 853 1701 937 inple

933 1009 1069 1068 tum
1113 1007 1216 1070 est
1260 1009 1518 1088 tempus
1563 1004 1795 1089 parien

928 1153 997 1219 di
1042 1160 1109 1221 et
1151 1154 1413 1240 peperit
1456 1155 1662 1222 filium
1707 1162 1774 1223 et

929 1306 1280 1374 audierunt
1320 1307 1523 1373 uicini
1569 1314 1635 1374 et
1678 1328 1804 1392 eog

928 1459 1071 1526 nati
1114 1459 1255 1526 eivs
1300 1459 1456 1542 quia
1498 1459 1856 1544 magnifica

929 1610 1028 1677 uit
1069 1610 1195 1679 dns
1238 1610 1691 1679 misericordia

930 1782 1116 1829 suam
1157 1783 1303 1830 eum
1347 1764 1467 1830 illa
1508 1769 1576 1830 et
1617 1784 1740 1830 eon

930 1915 1431 1998 gratulabantur
1473 1917 1556 1984 ei.
1601 1918 1686 1982 Et

931 2067 1174 2134 sactum
1221 2074 1321 2135 est
1364 2068 1431 2134 in
1480 2069 1590 2137 die
1633 2076 1783 2136 oeta

929 2240 1017 2287 ua
1055 2227 1376 2288 uenerunt
1415 2220 1657 2288 cirenei

931 2372 1087 2441 dere
1130 2392 1401 2457 puerum
1448 2380 1515 2441 et
1555 2395 1722 2441 noea

930 2532 1158 2591 ueruut
1202 2546 1349 2592 eum
1395 2527 1659 2594 nomine

930 2677 1138 2761 patris
1180 2677 1283 2743 sui
1326 2679 1630 2745 zacharia

931 2834 997 2894 et
1038 2828 1443 2913 respondens
1489 2837 1697 2897 mater

931 2980 1070 3045 eius
1116 2980 1287 3046 dixit
1330 2993 1675 3065 nequaqua

929 3131 1048 3197 sed
1093 3131 1445 3221 uocabitur·
1475 3132 1673 3200 iohan

929 3303 1066 3350 nes,
1114 3290 1179 3350 et
1223 3282 1528 3351 dixerunt
1572 3284 1657 3351 ad
1700 3286 1817 3350 illa

929 3458 1121 3503 nemo
1166 3443 1268 3504 est
1313 3437 1379 3501 in
1425 3438 1733 3522 cognatio

928 3610 1011 3655 ne
1054 3595 1168 3655 tua
1211 3588 1319 3672 qui
1366 3596 1631 3656 uocetur
1670 3590 1794 3655 boe

926 3741 1208 3807 nomine.
1254 3742 1632 3808 annuebant

925 3901 1141 3960 autem
1186 3893 1360 3977 patri
1400 3893 1540 3959 eius
1587 3901 1710 3977 que

923 4046 1123 4112 uellet
1167 4045 1409 4110 uocari
1436 4065 1583 4111 eum
1629 4053 1696 4110 et

924 4196 1263 4282 postulans
1309 4197 1633 4280 pugillare

1865 647 2133 716 LeGl

2067 2533 2152 2597 66

2066 3438 2146 3502 67

2065 3894 2147 3958 68

2247 848 2515 933 scripsit
2556 844 2784 914 (linens
2828 845 3030 913 iohan

2247 1001 2354 1067 nis
2397 1005 2500 1068 est
2542 1019 2780 1066 nomen
2824 999 2966 1066 eius

2246 1159 2313 1219 et
2355 1152 2578 1219 mirati
2621 1157 2775 1218 sunt
2816 1171 3044 1218 omnes

2244 1312 2311 1372 et
2354 1305 2664 1371 continuo
2708 1304 2926 1372 resolu

2244 1464 2315 1525 ta
2357 1464 2461 1525 est
2502 1456 2735 1539 lingua
2771 1455 2915 1523 eius
2958 1464 3027 1524 et

2243 1610 2630 1694 loquebatur
2672 1608 2916 1676 benedi

2173 1788 2182 1799 ’
2243 1781 2399 1829 eens
2442 1763 2551 1828 dm
2596 1767 2665 1828 et
2707 1762 2952 1828 faetum
2996 1768 3097 1828 est

2242 1915 2438 1982 timor
2480 1933 2677 1999 super
2721 1933 2949 1980 omnes

2241 2069 2494 2136 uicinos
2538 2086 2761 2134 eorum
2805 2072 2875 2133 et
2916 2066 2987 2131 in
3029 2086 3072 2131 u

2241 2222 2509 2289 niuersa
2551 2225 2868 2286 montana
2910 2217 3064 2285 iude

2243 2395 2322 2441 ae
2366 2372 2879 2457 diuulgabantur
2922 2391 3028 2438 om

2240 2526 2353 2592 nia
2391 2525 2597 2592 uerba
2638 2524 2804 2591 haee
2847 2529 2915 2589 et
2955 2542 3043 2606 po

2237 2682 2508 2744 suerunt
2550 2695 2778 2744 omnes
2822 2675 2932 2758 qui
2977 2695 3062 2740 au

2239 2831 2503 2897 dietant
2545 2830 2613 2894 in
2660 2828 2858 2894 eorde
2894 2846 3013 2893 suo

2239 2982 2534 3049 dieentes
2574 2981 2731 3065 quid
2774 2979 2929 3063 ntiq'

2240 3134 2366 3200 erit
2407 3154 2570 3219 puer
2613 3134 2741 3200 iste
2783 3140 2850 3200 et
2893 3144 3002 3199 eni

2239 3304 2471 3352 manus
2516 3285 2631 3352 dni
2679 3292 2822 3352 erat
2863 3304 3008 3350 eum

2235 3438 2351 3503 illo
2396 3443 2464 3504 et
2503 3437 2843 3547 zacharias
2889 3442 3078 3521 pater

2238 3589 2378 3655 eius
2422 3589 2710 3674 inpletus
2757 3595 2858 3655 est
2899 3598 3021 3673 spir

2237 3753 2349 3806 ses>
2394 3746 2462 3807 et
2504 3741 2944 3825 prophetabat

2233 3892 2480 3959 dicens,
2525 3892 2909 3959 benedictus

2236 4043 2360 4110 dns
2407 4044 2484 4109 ds
2529 4044 2772 4111 israhel
2819 4044 2975 4129 quia
3011 4044 3078 4110 ui

2236 4196 2464 4263 sitauit
2506 4203 2574 4263 et
2616 4198 2771 4263 feeit
2814 4196 3017 4281 redep

2403 4349 2579 4415 tione
