3634 5717
681 683 805 748 134

685 1122 754 1152 mr
779 1108 831 1150 42

685 1160 855 1253 „112272
890 1172 986 1238 illi
1034 1180 1100 1239 et
1144 1172 1254 1257 qui
1298 1193 1427 1238 non
1475 1171 1675 1239 habet
1718 1171 1810 1237 eti

684 1262 831 1304 11:230

721 1482 808 1546 26

687 1565 837 1660 ιιιῖο43

723 2074 805 2139 27

722 2535 806 2598 28

696 3988 841 4033 mr44

694 4090 865 4186 {2²1}ssss

728 4362 807 4426 31

1768 684 2046 749 Mrc4

885 869 1073 935 uobis
1119 875 1186 936 et
1229 868 1551 935 adicietur
1594 868 1781 935 uobis

713 1024 798 1088 25
885 1020 1012 1099 Qui
1057 1019 1232 1088 enim
1277 1020 1478 1088 habet
1521 1020 1783 1086 dabitur

892 1344 995 1390 am
1038 1322 1211 1407 quod
1255 1322 1456 1391 habet
1498 1324 1724 1390 aufere

892 1481 998 1541 tur
1041 1475 1125 1542 ab
1168 1475 1283 1541 illo
1328 1476 1413 1542 Et
1453 1474 1719 1541 dicebat

896 1627 992 1694 sic
1037 1634 1140 1695 est
1181 1628 1391 1712 regnu
1435 1626 1505 1691 di
1551 1633 1676 1710 que
1780 1712 1787 1735 ι
1859 1678 1867 1689 .

893 1776 1251 1845 admodum
1296 1777 1353 1844 si
1400 1776 1648 1844 adiciat

895 1929 1089 1996 homo
1132 1949 1358 1996 semen
1405 1927 1474 1994 in
1518 1935 1694 1995 terro

895 2089 962 2147 et
1005 2080 1290 2151 dormiat
1332 2087 1400 2148 et
1443 2088 1724 2166 exurgat

894 2237 1087 2299 nocte
1129 2252 1209 2300 ac
1252 2232 1363 2299 die
1406 2240 1474 2301 et
1515 2252 1737 2301 semen

899 2383 1227 2469 germinet
1266 2391 1335 2452 et
1378 2391 1633 2452 crescat

895 2534 1048 2603 dum
1095 2535 1307 2603 nescit
1348 2536 1464 2604 ille
1505 2538 1677 2604 ultro

894 2688 1072 2756 euim
1116 2694 1292 2755 terra
1334 2689 1685 2758 fructificat
1768 2692 1780 2704 '

896 2838 1112 2923 primu
1157 2838 1429 2906 herbam
1473 2840 1627 2907 dein

899 2989 983 3055 de
1027 2990 1281 3075 spicam
1319 2990 1563 3060 deinde
1606 2993 1716 3078 ple

900 3163 1055 3208 num
1099 3143 1430 3209 frumentu
1475 3143 1542 3209 in
1589 3145 1692 3229 spi

900 3314 981 3360 ca
1022 3300 1089 3360 et
1131 3314 1277 3359 eum
1322 3314 1396 3361 se
1436 3295 1691 3380 produx
1790 3275 1796 3281 ⁸

899 3443 1026 3511 erit
1067 3446 1313 3512 fructus
1358 3453 1425 3514 et
1466 3452 1623 3513 stati

900 3594 1103 3663 mittit
1147 3544 1380 3664 falcem
1428 3611 1555 3683 quo
1601 3599 1687 3666 ud

899 3754 1001 3815 est
1043 3753 1299 3833 tempus
1346 3749 1580 3817 messis
1672 3748 1677 3754 ’

898 3900 984 3965 Ει
1027 3899 1291 3967 dicebat
1333 3900 1437 3967 cui
1483 3899 1722 3968 adsimi

899 4051 1182 4118 labimus
1226 4070 1499 4135 reguum
1544 4051 1613 4118 di
1657 4059 1771 4118 aut

899 4202 1003 4268 cui
1048 4200 1407 4286 parabolae
1451 4222 1665 4287 conpa

898 4300 1398 4418 nubimus-illud
1444 4353 1614 4419 sicut
1655 4375 1777 4439 gra

899 4505 990 4568 nti
1036 4503 1291 4588 sinapis
1336 4503 1507 4587 quod
1553 4506 1633 4571 cu
1677 4524 1750 4572 se

2209 869 2526 935 minatum
2573 826 2770 933 fuerit
2815 866 2881 931 in
2928 873 3028 932 ter

2210 1042 2284 1087 ra
2328 1019 2541 1085 minus
2586 1026 2698 1121 est⁹
2730 1018 2969 1084 omnib'

2210 1173 2508 1240 seminib'
2551 1191 2719 1255 quae
2763 1176 2915 1236 sunt
2959 1169 3026 1235 in

2041 1325 2126 1390 32
2215 1331 2390 1390 terra
2431 1329 2499 1390 et
2542 1343 2686 1389 cum
2731 1321 2988 1389 semina

2214 1483 2349 1543 tum
2396 1474 2591 1542 fuerit
2634 1474 2934 1541 ascendit

2218 1633 2283 1694 et
2326 1627 2400 1693 fit
2442 1626 2655 1694 maior
2692 1626 2930 1692 omnib'
2972 1625 3058 1691 ho

2216 1778 2399 1845 lerib’
2443 1784 2510 1844 et
2554 1778 2714 1845 facit
2751 1796 2966 1844 ramos

2218 1950 2496 2016 magnos
2540 1930 2639 1997 ita
2678 1936 2751 1995 ut
2794 1928 3051 2014 possint

2218 2084 2339 2150 sub
2382 2084 2614 2150 umbra
2656 2081 2798 2150 eius
2841 2101 3001 2148 aues

1917 2280 1924 2287 ·
2048 2240 2162 2368 3235
2221 2235 2366 2301 caeli
2410 2234 2712 2302 habitare
2754 2235 2840 2300 Et
2882 2233 3002 2299 tali

2012 2378 2182 2472 mt⁶140
2220 2387 2280 2453 b’
2324 2386 2547 2454 multis
2587 2386 2923 2472 parabolis

2218 2515 2608 2623 loquebatur
2651 2538 2749 2605 eis
2793 2558 2910 2604 uer

2219 2691 2372 2756 bum
2414 2699 2606 2775 prout
2645 2696 2951 2776 poterant

2045 2837 2130 2902 34
2215 2841 2447 2909 audire
2490 2843 2635 2908 sine
2679 2842 2928 2927 parabo

2215 2993 2286 3060 la
2327 2999 2478 3060 aute
2524 3015 2655 3061 non
2700 2994 2984 3078 loqueba

2219 3151 2324 3210 tur
2361 3145 2459 3211 eis
2502 3145 2810 3211 Seorsum
2853 3166 2937 3211 au

2017 3337 2088 3367 mr
2112 3322 2164 3365 ω
2225 3251 2309 3362 ιε’)4
2337 3296 2681 3382 discipulis
2725 3297 2860 3363 suis
2905 3293 3010 3361 dis

2067 3375 2118 3417 ιο

2219 3449 2484 3515 serebat
2526 3449 2749 3515 omnia

2050 3596 2133 3660 35
2221 3600 2304 3665 Et
2348 3599 2444 3665 ait
2487 3600 2621 3705 iliis
2666 3602 2733 3666 in
2781 3600 2900 3668 illa
2943 3600 3053 3667 die

1980 3679 2081 3723 ‘Br
2107 3681 2158 3723 13

2020 3731 2167 3826 ''¹³247
2221 3770 2365 3817 cum
2410 3771 2556 3818 sero
2602 3758 2778 3819 esset
2821 3753 2929 3819 suc

2016 3834 2162 3931 ἰὲῐὸἔο
2223 3909 2356 3968 ιιιιιι
2403 3910 2814 3972 transeamus

2051 4058 2134 4123 36
2223 4061 2453 4122 contra
2496 4062 2563 4122 et
2604 4055 2906 4122 dimitten

2049 4194 2050 4197 ¹
2224 4212 2322 4272 tes
2367 4207 2621 4273 turbam
2668 4207 3019 4274 adsumvut

2224 4376 2369 4423 eum
2416 4357 2514 4425 ita
2554 4364 2626 4424 ut
2668 4365 2860 4426 erant
2901 4357 2970 4424 in

2223 4508 2378 4576 naui
2415 4515 2487 4574 et
2530 4509 2708 4576 aliae
2751 4530 2957 4578 naues
3001 4510 3059 4576 si

2393 4663 2520 4727 mul
2566 4667 2756 4727 eraut
