3634 5717
360 681 477 745 Fol
528 682 604 746 18

565 883 721 948 eoru
769 880 1057 947 dimittet
1100 834 1305 945 uobis·

567 1041 758 1119 pater
803 1041 1018 1099 uester
1064 1030 1281 1098 eaeles

569 1187 721 1270 tis[!]
769 1185 1015 1251 delicta
1057 1189 1281 1250 uestra

408 1340 485 1405 15
571 1337 627 1402 si
676 1336 848 1402 euim
890 1351 1009 1401 uo‘¹
1057 1333 1350 1400 dimiseri

572 1489 659 1555 tis
706 1488 1015 1555 hominib'
1060 1507 1182 1554 nee
1227 1491 1414 1570 pater

578 1648 799 1709 uester
840 1639 1144 1709 demittet

575 1800 850 1881 peecata
891 1799 1113 1860 uestra

407 1951 486 2015 16
573 1946 665 2013 Gi
714 1953 864 2013 aute
910 1942 1221 2011 ieiunatis
1268 1962 1349 2005 ue

373 2034 519 2180 2Ξέζὲ
579 2100 698 2165 lite
741 2097 882 2164 fieri
927 2097 1096 2164 sieut
1138 2094 1274 2179 hyp

424 2189 489 2232 ⁸⁰¹
579 2250 896 2340 poehritae
939 2249 1160 2316 tristes
1204 2268 1287 2314 ex

583 2405 941 2473 terminant
985 2403 1158 2469 euim
1198 2402 1269 2466 fa

581 2561 716 2626 eies
760 2576 914 2623 suas
958 2563 1029 2623 ut
1072 2560 1353 2639 pareant

587 2709 897 2777 homiuib’
942 2708 1311 2775 ieiunantes

586 2882 778 2929 amen
824 2861 973 2928 dieo
1019 2860 1207 2927 uobis
1252 2859 1408 2943 quia

587 3014 960 3098 reeiperunt
995 3012 1198 3080 merei

423 3168 498 3233 17
589 3164 788 3250 de[m]
832 3177 952 3232 sui
994 3174 1064 3232 tu
1108 3171 1259 3231 aute
1296 3122 1440 3231 eum

591 3317 844 3385 ieiunas
887 3337 1113 3403 ungue
1150 3315 1366 3401 eapvd

591 3477 700 3537 tui
748 3477 816 3536 et
860 3469 1027 3536 faeie
1072 3476 1185 3536 tufi
1229 3468 1384 3535 laba

423 3626 501 3689 18
589 3642 672 3688 ne
717 3621 1006 3689 uideatis
1050 3620 1300 3688 homiui

594 3776 651 3841 b'
694 3775 994 3841 ieiunans
1038 3773 1154 3841 sed
1202 3775 1377 3859 patri

596 3937 708 3995 tuo
752 3926 866 4011 qui
911 3933 1013 3994 est
1056 3927 1125 3992 iu
1173 3927 1417 3993 abseon

597 4101 673 4147 so
717 4087 784 4146 et
829 4087 1019 4163 pater
1062 4084 1208 4144 tuus
1254 4078 1365 4162 qui

603 4230 784 4298 uidet
827 4229 896 4296 iu
941 4231 1264 4296 absconso

438 4386 518 4453 19
606 4383 842 4451 reddet
884 4382 1005 4448 tibi
1050 4381 1256 4449 nolite

604 4535 1045 4601 thesaurizure
1096 4534 1281 4599 uobis

1518 668 1792 736 Mtce

1888 862 2242 944 thesauros
2274 879 2339 945 in
2387 888 2563 948 terra

1888 1027 1996 1092 ubi
2044 1048 2248 1114 erugo
2294 1040 2361 1098 et
2405 1034 2586 1100 tinea
2629 1036 2713 1104 de

1895 1179 2157 1247 molitur
2202 1188 2269 1249 et
2311 1183 2418 1250 ubi
2468 1186 2642 1255 fures

1898 1329 2213 1399 effodimt
2256 1342 2323 1401 et
2366 1337 2552 1403 furan

1725 1480 1810 1545 20
1896 1488 1999 1548 tur
2045 1485 2514 1557 Thesaurizate
2561 1501 2711 1560 aute

1690 1570 1759 1608 mt
1783 1566 1836 1608 47

1689 1618 1840 1711 101553
1900 1634 2090 1701 uobis
2131 1638 2476 1707 thesauros
2522 1644 2589 1710 in

1896 1787 2057 1852 eaelo
2102 1789 2215 1856 ubi
2261 1793 2405 1877 ueq’
2447 1816 2653 1882 erugo
2699 1805 2842 1887 ueq'

1902 1940 2086 2007 tinea
2127 1941 2477 2012 demolitur
2521 1957 2588 2016 et

1903 2092 2011 2158 ubi
2057 2094 2233 2163 fures
2279 2119 2408 2165 uon
2456 2102 2579 2168 effe

1903 2242 2093 2310 diunt
2137 2267 2260 2314 nee
2305 2250 2602 2321 fvrautur

1727 2395 1805 2461 21
1898 2396 2009 2462 ubi
2054 2410 2162 2463 eni
2207 2409 2310 2467 est
2353 2401 2698 2474 thesaurus

1901 2556 2052 2617 tuus
2095 2549 2187 2617 ibi
2234 2554 2359 2619 erit
2401 2563 2470 2622 et
2513 2578 2625 2623 eor

1735 2702 1822 2768 22
1908 2710 2087 2769 tuum
2133 2705 2433 2774 Lucerna
2478 2729 2590 2773 em·

1699 2790 1769 2831 mt
1793 2787 1847 2831 48

1699 2890 1744 2933 10
1770 2839 1848 2935 1⁵33
1910 2855 2089 2941 poris
2130 2857 2226 2924 tui
2271 2866 2372 2926 est
2415 2863 2639 2929 oeulus

1907 3015 2054 3075 tuus
2098 3010 2159 3076 si
2204 3010 2402 3079 suerit
2445 3034 2564 3082 eeu

1909 3160 2010 3226 lus
2056 3170 2204 3229 tuus
2249 3164 2465 3249 siplex
2511 3177 2577 3232 to

1911 3314 1984 3378 tu
2028 3333 2264 3399 eorpus
2308 3323 2484 3383 tuum
2535 3319 2600 3385 lu

1736 3463 1822 3529 23
1909 3463 2063 3530 cidfi
2111 3466 2237 3532 erit
2280 3466 2337 3533 si
2383 3477 2598 3534 autem

1915 3619 2140 3684 oculus
2184 3626 2331 3686 tuvs
2378 3642 2657 3704 nequam
2703 3625 2812 3690 fue

1916 3768 2005 3837 rit
2044 3776 2250 3837 totum
2292 3793 2528 3858 eorpus

1920 3930 2100 3989 tuum
2145 3927 2496 3993 tenebrosii

1922 4074 2047 4141 erit
2090 4076 2149 4141 si
2194 4099 2356 4163 ergo
2402 4079 2618 4146 lumen

1924 4225 2097 4311 quod
2145 4228 2210 4293 iu
2251 4236 2317 4295 te
2361 4237 2462 4296 est
2506 4240 2657 4297 tene

1928 4380 2086 4446 brae
2130 4389 2283 4446 svnt
2324 4382 2560 4466 «ipsae»
2606 4391 2671 4450 te

1928 4532 2145 4596 nebrae
2190 4541 2474 4615 quantae
2523 4544 2710 4600 erunt
