3634 5717
355 690 474 755 Fol
526 690 603 756 19

523 913 668 957 esse
711 892 1005 959 dieentes
1051 894 1207 977 quid
1254 918 1406 963 man

522 1043 903 1110 dueabimus
949 1052 1062 1111 aut
1112 1047 1268 1130 quid

521 1196 816 1262 bibemus
863 1203 976 1263 aut
1020 1219 1144 1281 quo
1184 1220 1301 1265 nes

352 1351 434 1413 32
523 1349 760 1415 tiemur
798 1348 965 1415 haee
1011 1363 1118 1416 eni
1165 1352 1387 1418 omnia

521 1508 753 1585 gentes
799 1501 1133 1585 inquirunt
1172 1506 1299 1571 seit

521 1653 694 1718 enim
740 1660 929 1737 pater
973 1662 1189 1722 uester
1229 1656 1383 1739 quia

519 1804 623 1871 his
667 1806 906 1871 omuib'
946 1806 1263 1892 indigetis

349 1958 431 2024 33
521 1959 789 2041 quaerite
832 1965 983 2024 aute
1030 1960 1244 2043 primu

520 2121 729 2193 regnu
775 2110 842 2175 di
889 2117 955 2178 et
999 2111 1250 2178 iustitia

519 2262 658 2328 eius
706 2269 773 2329 et
816 2264 1035 2330 omnia
1073 2246 1238 2334 haee

517 2414 884 2480 adicientur
926 2417 1111 2482 uobis
1158 2439 1242 2482 no

345 2565 431 2629 34
516 2565 632 2632 lite
677 2588 834 2651 ergo
881 2587 1025 2633 esse
1069 2569 1220 2634 solli

518 2717 629 2784 eiti
676 2718 742 2783 in
789 2720 1079 2786 erastino
1124 2740 1268 2786 eras

515 2869 690 2936 tinus
732 2870 907 2938 enim
950 2871 1094 2937 dies
1134 2872 1232 2937 sol

514 3021 729 3087 lieitus
775 3021 900 3086 erit
938 3022 1063 3088 sibi
1110 3023 1253 3106 ipse

513 3146 755 3241 suffieit
796 3173 971 3239 enim
1018 3173 1150 3239 diei
1192 3197 1300 3243 ma

344 3324 396 3388 O
443 3326 478 3389 ‘1
523 3325 669 3392 litia
711 3347 833 3393 sua
874 3326 1096 3392 Nolite
1142 3326 1280 3392 iudi

343 3413 407 3447 mt
434 3407 481 3449 5¹

341 3461 481 3600 1¹⁰3&
520 3498 670 3543 care
714 3485 784 3543 ut
827 3499 955 3545 non
1003 3477 1219 3544 iudiee

358 3572 382 3599 c

262 3680 271 3699 .
381 3630 423 3693 2
498 3629 670 3715 ⁸mini
715 3650 840 3713 quo
884 3643 994 3697 eni

411 3836 421 3845 .
510 3778 753 3846 iudicio
799 3780 1248 3849 iudicaueritis

511 3929 974 4032 iudieabemini
1018 3941 1086 4000 et
1127 3934 1193 4000 in
1240 3955 1371 4017 qva

510 4104 815 4152 mensura
856 4085 1065 4151 mensi
1111 4086 1220 4152 fue

509 4237 652 4303 ritis
696 4239 1072 4305 remetietur
1115 4238 1302 4303 uobis

379 4389 418 4452 3
507 4387 677 4466 Quid
724 4395 874 4456 aute
920 4390 1107 4457 uides
1154 4391 1253 4456 fes

337 4474 399 4512 Βι-
427 4474 474 4512 15

336 4525 477 4614 “²2⁵²
514 4550 663 4608 tues
704 4541 770 4606 in
819 4545 1004 4631 oeulo
1045 4542 1265 4609 fratris

332 4625 377 4665 le
402 4628 454 4666 59

508 4693 600 4758 tui
650 4700 715 4759 et
758 4697 941 4761 trabe
988 4696 1055 4760 in

444 4861 595 4903 Codex
624 4872 799 4903 aureus.

1445 696 1801 762 Mt067

1850 899 2036 964 oeulo
2083 906 2191 964 tuo
2239 920 2368 963 non
2415 898 2601 964 uides

1719 1051 1762 1114 4
1849 1055 1961 1115 aut
2004 1049 2328 1133 quomodo
2373 1048 2539 1139 dieis

1848 1201 2030 1266 fratri
2078 1208 2187 1266 tuo
2233 1199 2377 1266 sine
2417 1199 2585 1266 eicie

1849 1352 2099 1427 festuca
2141 1351 2224 1418 de
2272 1352 2459 1419 oeulo
2505 1360 2615 1419 tuo

1720 1518 1727 1525 ·
1845 1510 1911 1569 et
1956 1524 2107 1570 ecee
2148 1504 2354 1569 trabis
2400 1511 2500 1570 est
2543 1505 2611 1569 in
2659 1526 2697 1571 o

1716 1657 1758 1720 5
1846 1656 1990 1721 eulo
2030 1662 2140 1720 tuo
2186 1653 2552 1738 hyppoehri

1846 1814 1916 1873 ta
1960 1808 2099 1873 eiee
2146 1806 2362 1891 primu
2406 1808 2591 1874 trabe

1846 1960 1928 2025 de
1972 1962 2159 2026 oeulo
2203 1968 2314 2027 tuo
2360 1967 2426 2026 et
2468 1967 2623 2026 tune

1843 2112 2100 2179 uidebis
2146 2113 2360 2180 eicere
2407 2114 2576 2178 festu

1784 2284 1787 2289 ·
1842 2276 1921 2331 ca
1963 2264 2047 2331 de
2092 2266 2277 2331 oeulo
2323 2264 2543 2330 fratris
2590 2266 2681 2330 tvi

1714 2421 1754 2483 6
1840 2416 2062 2481 Nolite
2105 2415 2265 2481 dare
2308 2425 2437 2481 sem
2485 2436 2565 2481 ea

1671 2506 1735 2541 int
1760 2503 1808 2541 53

1718 2555 1743 2592 ⁵
1846 2569 1976 2633 nib’
2019 2569 2162 2650 ueq'
2207 2566 2483 2632 mittatis
2530 2588 2669 2633 mar

1838 2719 2090 2805 garitas
2135 2725 2389 2785 uestras
2435 2740 2520 2784 an
2558 2813 2561 2815 Α

1839 2878 1904 2937 te
1950 2892 2182 2956 poreos
2228 2832 2312 2936 ne
2357 2871 2526 2936 forte

1838 3025 2219 3091 eoneuleent
2262 3042 2377 3089 eas
2420 3022 2574 3107 pedi

1837 3176 1894 3241 b'
1935 3176 2072 3241 suis
2116 3182 2185 3243 et
2228 3174 2527 3241 conuersi
2571 3173 2674 3240 dis

1667 3329 1805 3451 m'tZM
1836 3333 2142 3412 rumpant
2185 3346 2301 3392 uos
2346 3326 2502 3415 peti.

1662 3514 1702 3554 1c
1736 3465 1807 3555 1⁵2⁵
1833 3487 1898 3546 te
1944 3486 2011 3547 et
2053 3478 2313 3544 dabitur
2358 3478 2545 3543 uobis
2590 3497 2733 3561 qvae

1837 3633 1960 3699 rite
2006 3638 2072 3698 et
2116 3630 2471 3697 inuenietis
2518 3630 2629 3713 pvl

1832 3791 1972 3850 sate
2014 3791 2083 3850 et
2124 3762 2455 3868 aperietur
2499 3801 2581 3846 uo

1706 3938 1746 4001 8
1834 3936 1935 4001 bis
1982 3935 2193 4001 omnis
2238 3935 2414 4001 enim
2460 3933 2569 4017 qui
2616 3952 2701 4017 pe

1831 4087 1911 4153 tit
1950 4088 2222 4171 aceepit·
2250 4094 2316 4152 et
2360 4086 2469 4168 qui
2518 4106 2660 4170 quse

1828 4238 1915 4303 rit
1961 4238 2215 4305 inuenit
2259 4240 2325 4305 et
2367 4240 2602 4324 pulsan
2721 4222 2729 4230 ’

1701 4394 1741 4457 9
1830 4391 1879 4456 ti
1921 4390 2251 4475 aperietur
2295 4397 2408 4456 avt
2452 4391 2595 4474 quis
2637 4398 2738 4455 est

1829 4565 1913 4609 ex
1956 4541 2142 4609 uobis
2187 4542 2380 4607 homo
2427 4553 2549 4625 que
2595 4541 2653 4606 si
2723 4608 2732 4623 ,

1829 4691 2095 4778 petierit
2137 4694 2311 4760 filius
2355 4714 2508 4759 suus

2436 4849 2469 4899 3
