3634 5717
366 647 487 713 Fol
531 646 612 712 97
1512 647 1606 713 Lc
1645 646 1697 712 C
1745 650 1777 712 1
2794 644 2908 710 191

370 850 503 916 ⁰1
583 851 1299 962 Quoniam
1365 853 1930 986 qvidem
1997 851 2392 958 multi
2470 850 2907 955 conati

574 1058 725 1119 sunt
769 1038 1075 1118 ordinare
1901 1058 1967 1119 et
2010 1070 2244 1118 nomen
2293 1051 2432 1117 eius
2480 1050 2598 1117 eli·

575 1204 1018 1272 narrationem
1064 1228 1135 1274 re
1436 1226 1453 1237 ²
1769 1207 1811 1270 6
1897 1204 2147 1272 sabeth.
2192 1209 2381 1270 erant
2424 1209 2575 1269 aute

577 1368 655 1423 ru
700 1377 868 1440 quae
913 1359 980 1424 in
1027 1359 1214 1425 nobis
1260 1379 1381 1424 con
1901 1356 2053 1423 iusti
2100 1357 2293 1423 ambo
2339 1363 2493 1422 ante
2539 1353 2646 1420 dm

450 1510 491 1573 2
579 1511 798 1596 pletae
842 1517 995 1578 sunt
1038 1511 1206 1577 sicut
1251 1518 1352 1578 tra
1902 1509 2280 1575 incedentes
2323 1508 2388 1572 in
2437 1528 2539 1573 om

578 1663 886 1730 diderunt
929 1664 1117 1729 nobis
1163 1663 1273 1747 qui
1318 1664 1403 1730 ab
1905 1661 2030 1726 nib'
2076 1659 2406 1727 mandatis
2453 1665 2519 1725 et
2561 1660 2661 1725 ius

579 1815 768 1881 initio
812 1815 941 1900 ipsi
989 1815 1294 1882 uiderunt
1448 1868 1455 1877 .
1752 1802 1759 1811 ’
1903 1812 2370 1879 tificationibus
2418 1811 2531 1877 dni

582 1973 648 2033 et
690 1966 973 2033 ministri
1014 1969 1274 2035 fuerunt
1598 2026 1629 2041 ,
1777 1964 1813 2028 7
1903 1966 2047 2032 sine
2090 1964 2385 2049 querella
2428 1969 2494 2073 et
2540 1982 2668 2027 non

453 2119 494 2183 3
582 2119 902 2185 sermonis
948 2119 1158 2187 uisum
1207 2126 1309 2186 est
1903 2124 2046 2185 erat
2089 2116 2222 2182 illis
2267 2115 2439 2181 filius
2487 2134 2563 2180 eo

581 2276 646 2336 et
690 2270 851 2336 mihi
897 2272 1210 2339 adsecuto
1249 2295 1290 2339 a
1334 2274 1480 2358 prin
1904 2268 2075 2354 quod
2122 2274 2297 2335 esset
2341 2266 2662 2365 elisabeth

581 2421 756 2507 cipio
802 2425 1024 2491 omnia
1063 2425 1312 2512 diligen
1906 2421 2164 2489 sterelis
2210 2428 2276 2487 et
2316 2440 2545 2505 proces

586 2582 684 2642 ter
730 2597 813 2642 ex
859 2576 1087 2645 ordine
1133 2579 1252 2644 tibi
1292 2580 1420 2645 scri
1907 2581 2085 2643 serat
2121 2574 2189 2639 in
2238 2573 2406 2640 dieb'
2451 2572 2585 2639 suis

588 2727 739 2793 bere
785 2729 1031 2813 optime
1071 2730 1225 2797 theo
1779 2729 1818 2793 8
1906 2729 2177 2794 Factum
2222 2733 2323 2794 est
2366 2735 2516 2793 aute

459 2879 501 2942 4
589 2879 770 2964 phile
816 2888 887 2946 ut
926 2902 1287 2965 cognoscas
1909 2901 2051 2946 cum
2097 2879 2467 2947 sacerdotio
2513 2878 2626 2943 fun

586 3052 806 3099 eorum
849 3035 1193 3102 uerborum
1910 3041 2171 3120 geretur
2213 3033 2555 3101 zacharias

586 3185 669 3251 de
714 3185 945 3269 quibus
993 3186 1285 3253 eruditus
1910 3187 1976 3252 in
2025 3186 2254 3253 ordine
2299 3186 2464 3252 uicis
2511 3205 2670 3250 suae

588 3356 657 3403 es
703 3338 1048 3404 ueritatem
1780 3343 1822 3405 9
1912 3346 2064 3406 ante
2111 3337 2215 3404 dir-1
2262 3336 2552 3404 secundfi

385 3489 499 3617 mil>
588 3488 738 3553 Fuit
783 3497 998 3556 autem
1046 3491 1113 3555 in
1161 3491 1390 3558 diebus
1909 3487 2444 3557 consuetudinem
2491 3508 2567 3554 sa

587 3640 852 3707 herodis
892 3643 1069 3727 regis
1114 3642 1326 3710 iudeae
1909 3636 2186 3708 cerdotii
2229 3649 2403 3707 sorte
2448 3641 2554 3707 exi
2608 3700 2614 3709 .

588 3793 895 3860 sacerdos
937 3794 1202 3879 quidam
1912 3795 1964 3861 it
2007 3804 2078 3861 ut
2121 3796 2455 3861 incensum
2496 3814 2580 3878 po

590 3947 853 4015 nomine
897 3912 1236 4015 zacharias
1818 4040 1822 4043 Δ
1913 3955 2096 4015 neret
2140 3948 2475 4032 ingressus
2522 3949 2587 4012 in

594 4098 677 4165 de
721 4101 864 4167 uice
911 4101 1066 4167 abia
1109 4107 1175 4167 et
1214 4121 1377 4167 uxor
1744 4103 1825 4167 10
1912 4100 2224 4186 templum
2272 4100 2386 4167 dni
2433 4108 2500 4168 et

589 4252 687 4317 illi
733 4251 816 4319 de
860 4253 1059 4319 filiab'
1103 4274 1305 4320 aaron
1914 4255 2125 4321 omnis
2172 4253 2517 4321 multitudo
