3634 5717
754 674 882 739 234

755 1182 838 1247 28

757 2693 834 2758 31

749 3149 833 3213 32

753 3909 836 3974 33

1889 678 2158 746 Luce

923 884 1172 943 stantes
1188 878 1441 963 quinon
1460 880 1816 963 gustabunt
1836 904 1977 948 mer

924 1036 1054 1096 tem
1101 1029 1313 1094 donee
1353 1030 1624 1097 uideant
1663 1034 1872 1117 regnfi
1905 1033 1973 1099 di

927 1180 1197 1247 Factum
1244 1188 1346 1248 est
1388 1187 1605 1249 autem
1653 1192 1803 1268 post
1837 1185 1976 1252 haee

925 1333 1126 1398 uerba
1170 1332 1308 1400 fere
1353 1333 1495 1400 dies
1542 1341 1688 1401 oete
1735 1343 1801 1402 et
1845 1338 1929 1403 ad

924 1484 1204 1568 sumpsit
1251 1495 1441 1570 petrfl
1482 1494 1548 1553 et
1593 1486 1877 1553 iohanne

927 1640 993 1701 et
1037 1635 1334 1703 iacobum
1381 1646 1447 1706 et
1490 1638 1789 1705 aseendit
1833 1639 1900 1704 in

928 1795 1212 1854 montem
1261 1799 1331 1855 ut
1375 1798 1591 1857 oraret
1636 1798 1711 1889 et.
1747 1792 1922 1857 fact&

925 1946 1025 2004 est
1070 1939 1221 2006 dum
1268 1949 1485 2008 oraret
1527 1943 1782 2028 speeies

929 2091 1144 2157 uultus
1190 2092 1331 2158 eius
1375 2094 1587 2161 altera
1633 2100 1699 2160 et
1743 2096 1911 2162 nesti
2014 2182 2019 2186 .

928 2249 1032 2307 tus
1075 2241 1215 2310 eius
1261 2243 1450 2310 albus
1491 2246 1825 2330 refulgens

928 2391 1010 2457 Et
1053 2413 1205 2460 eece
1249 2393 1378 2462 duo
1425 2395 1548 2462 uiri
1593 2354 1918 2480 loqueban

929 2550 1031 2609 tur
1062 2530 1205 2611 eum
1250 2546 1366 2614 illo
1400 2553 1589 2614 erant
1623 2548 1684 2613 h’
1711 2567 1972 2634 moyses

930 2700 998 2760 et
1042 2696 1251 2765 helias
1295 2698 1421 2764 uisi
1470 2699 1534 2764 in
1584 2700 1930 2767 maiestate

924 2852 993 2914 et
1035 2846 1344 2917 (linebant
1387 2852 1661 2918 excessfi
1707 2852 1852 2918 eius

925 3004 1050 3081 que
1096 3002 1512 3085 conpleturus
1561 3009 1704 3069 erat
1747 3004 1814 3069 in
1860 3004 1969 3071 hie

919 3151 1138 3253 susal&
1185 3157 1405 3234 petrus
1450 3173 1606 3221 uero
1652 3164 1717 3224 et
1761 3157 1871 3240 qvi

2108 1185 2194 1271 34

2106 1790 2191 1856 35

2107 2246 2192 2310 36

2105 3003 2185 3067 37

2071 3086 2137 3133 nr
2162 3089 2214 3133 27

2070 3140 2195 3235 103⁹

2071 3246 2139 3287 mt
2163 3241 2242 3285 175

2282 900 2477 977 unum
2526 879 2645 945 tibi
2691 888 2757 945 et
2800 899 2997 945 unum
3045 879 3257 965 moysi

2282 1038 2349 1099 et
2388 1033 2521 1098 unfi
2558 1030 2776 1117 heliae
2809 1031 3111 1098 neseiens
3136 1030 3300 1114 qvid

2280 1183 2547 1251 diecret.
2593 1183 2759 1249 haee
2802 1190 2953 1250 aute
3000 1181 3116 1280 {llo
3160 1184 3228 1249 lo

2282 1340 2521 1419 quente
2567 1335 2746 1402 faeta
2784 1341 2885 1402 est
2929 1334 3094 1401 nubs

2282 1492 2349 1553 et
2386 1486 2799 1554 obumbrauit
2843 1505 2955 1553 eos
2999 1493 3068 1552 et
3103 1484 3152 1551 ti

2282 1646 2582 1705 muerunt
2622 1637 2957 1704 intrantib’
3001 1636 3133 1703 illis

2277 1747 2556 1856 ixx-nube
2601 1797 2668 1857 et
2711 1809 2841 1855 uox
2884 1788 3062 1855 faeta
3098 1796 3201 1855 est

2283 1941 2366 2007 de
2410 1941 2581 2008 nube
2624 1939 2851 2007 dicens
2895 1940 3005 2007 hie
3054 1946 3154 2006 est
3196 1938 3299 2004 fili

2282 2114 2357 2159 us
2403 2112 2584 2160 meus
2630 2093 2875 2159 electus
2918 2091 3068 2176 ἱροῦ
3106 2109 3191 2189 au

2278 2244 2416 2310 dite
2461 2251 2528 2309 et
2570 2243 2725 2310 dum
2768 2244 2956 2311 fieret
2999 2264 3123 2310 uox
3170 2242 3236 2307 in

2279 2402 2514 2462 uentus
2553 2402 2656 2463 est
2698 2395 2802 2461 ihs
2845 2395 3024 2461 solus
3069 2400 3135 2461 et
3183 2394 3253 2478 ip

2280 2545 2338 2611 si
2382 2552 2728 2614 tacuerunt
2776 2554 2843 2613 et
2887 2544 3132 2614 nemini
3177 2544 3300 2612 dix

2280 2704 2469 2764 erunt
2513 2698 2578 2764 in
2622 2697 2755 2765 illis
2801 2698 2971 2765 dieb'
3014 2697 3301 2782 quiequit

2279 2870 2362 2916 ex
2405 2850 2508 2918 his
2558 2872 2703 2936 quae
2749 2852 3055 2919 uiderant

2278 3003 2486 3068 Faetfi
2530 3009 2634 3069 est
2674 3003 2734 3069 h’
2772 3004 2843 3069 in
2888 2984 3134 3086 sequen

2281 3154 2329 3218 ti
2377 3153 2484 3221 die
2531 3153 3018 3221 descendentib’
3062 3152 3196 3218 illis

923 3322 1067 3368 eum
1117 3302 1231 3368 illo
1276 3304 1535 3387 grauati
1576 3313 1766 3374 erant
1805 3320 1995 3376 seno·
2070 3291 2215 3338 “¹¹⁹¹
2278 3306 2363 3373 de
2409 3313 2629 3373 monte
2673 3307 2958 3373 occurrit
3000 3306 3133 3373 illis

923 3459 991 3519 et
1036 3454 1429 3539 suigilantes
1476 3456 1630 3525 uide

921 3612 1073 3672 runt
1114 3608 1459 3675 maiestate
1506 3611 1647 3677 eius
1692 3617 1758 3677 et

924 3758 1089 3825 duos
1134 3759 1307 3825 uiros
1353 3761 1464 3843 qui
1508 3763 1775 3828 stabant
1819 3770 1896 3829 οῦ

922 3909 1056 3977 ἰ110.
1105 3912 1188 3976 Et
1231 3913 1409 3979 saetfl
1455 3919 1556 3979 est
1598 3914 1678 3992 eii
1725 3913 1908 3980 disee

923 4058 1154 4127 derent
1198 4062 1281 4129 ab
1328 4062 1461 4129 illo.
1509 4063 1604 4131 ait
1648 4072 1875 4148 petrus

923 4213 1007 4280 ad
1055 4213 1185 4278 ihm
1237 4222 1601 4300 praeceptos
1644 4216 1820 4282 bomi
1870 4226 1972 4285 est

923 4383 1042 4430 nos
1087 4364 1194 4430 hie
1244 4385 1389 4432 esse
1436 4367 1754 4436 faciamus
1799 4370 1931 4438 tria

1162 4517 1589 4587 tabernacula

2096 3459 2181 3525 38

2100 4068 2183 4133 39

2267 3458 2459 3525 turba
2503 3458 2725 3526 multa.
2773 3460 2857 3525 Et
2897 3480 2975 3526 οο

2276 3629 2352 3676 οο
2395 3609 2497 3676 uir
2540 3610 2623 3678 de
2670 3612 2862 3679 turba
2903 3611 3207 3679 exclama

2276 3763 2373 3829 uit
2420 3762 2646 3831 dieens
2691 3764 3009 3850 magister
3049 3765 3208 3830 obse

2276 3935 2386 3980 ero
2431 3920 2497 3980 te
2541 3915 2794 3999 respice
2840 3916 2904 3983 in
2951 3915 3093 3982 filisa
3138 3923 3287 3982 meir

2271 4066 2427 4150 quia
2468 4067 2696 4133 uniens
2742 4074 2842 4134 est
2886 4067 3044 4133 mihi
3084 4074 3152 4132 et

2276 4238 2430 4285 eeee
2473 4223 2587 4303 sps
2632 4217 3074 4303 adprehendit
3114 4218 3161 4283 il

2275 4371 2344 4435 11’1
2391 4376 2457 4437 et
2501 4370 2717 4436 subito
2760 4370 3005 4438 elamat
3048 4376 3114 4437 et
3157 4370 3250 4437 eli

2479 4520 2592 4588 det
2630 4528 2696 4588 et
2739 4521 3023 4606 dissipat
