3634 5717
398 685 519 751 Fol
567 687 690 754 123

430 888 515 952 26
602 896 668 956 et
709 899 865 959 tune
910 892 1136 959 euadit
1178 900 1247 961 et
1290 895 1454 960 aden

600 1052 735 1111 met
776 1053 1027 1131 septem
1074 1046 1242 1113 alios
1281 1053 1395 1131 epe

601 1199 947 1282 nequiores
993 1220 1064 1267 se
1110 1207 1177 1266 et
1222 1199 1443 1285 ingres

597 1351 655 1417 ei
697 1351 1001 1419 habitant
1044 1353 1134 1418 ibi
1182 1359 1247 1419 et
1290 1360 1441 1420 eunt

596 1505 962 1572 nouissima
1003 1486 1289 1573 ht-›minis

595 1658 772 1725 illiue
817 1660 1050 1745 peiora
1091 1659 1356 1745 priorib'

424 1807 504 1871 27
596 1813 804 1879 Facti
850 1821 952 1880 est
993 1813 1054 1879 h'
1096 1824 1178 1880 οὐ
1224 1814 1389 1881 haee

391 1891 534 1936 Brea

392 1942 539 2037 ¹⁰1i>³¹
599 1966 847 2033 dieeret
892 1967 1215 2034 extollens
1259 1988 1342 2034 uo

595 2130 668 2185 ee
715 2119 948 2202 quaedfz
991 2121 1225 2187 mulier
1269 2119 1352 2188 de
1396 2127 1501 2187 tur

592 2273 680 2338 ba
721 2271 891 2339 dixit
930 2272 1029 2338 illi
1072 2275 1303 2341 beatus
1351 2294 1478 2341 uen

596 2433 696 2493 ter
740 2426 850 2509 qui
896 2434 961 2494 te
1007 2426 1297 2513 portauit
1343 2432 1409 2494 et

425 2573 509 2637 28
592 2580 800 2646 ubera
841 2600 984 2663 quae
1028 2580 1263 2647 suxisti
1308 2587 1377 2648 at

597 2733 711 2800 ille
757 2731 926 2800 dixit
964 2733 1205 2819 quippe
1250 2733 1388 2819 ni[!]
1433 2735 1558 2800 bea

596 2885 648 2950 ti
694 2885 805 2970 qui
850 2884 1123 2952 audiunt
1166 2888 1368 2954 uerbfi

385 3034 531 3163 1ο21932
590 2998 660 3104 (ii
706 3045 770 3105 et
812 3038 1203 3106 custodiunt.
1250 3042 1387 3107 Tur

381 3171 550 3265 mt5137
585 3193 686 3259 bie
730 3193 791 3258 h'
835 3193 1305 3260 concurrentib'
1349 3214 1466 3260 eoe

585 3346 683 3431 pit
726 3345 964 3412 dicere.
1010 3345 1363 3413 Generatio

584 3500 750 3566 haee
791 3498 1135 3584 generatio
1179 3505 1395 3582 nequi

587 3659 686 3719 est
729 3653 925 3739 siguli
967 3651 1179 3736 querit
1225 3659 1292 3718 et
1333 3653 1439 3737 sig

421 3854 440 3901 t
587 3815 677 3870 οὐ
722 3826 851 3872 uon
895 3803 1157 3872 dabitur
1197 3805 1298 3877 illi
1342 3805 1472 3873 nisi

412 3953 498 4020 30
583 3958 780 4045 siguli
826 3959 1038 4027 ionae.
1082 3962 1252 4028 Nam
1297 3959 1466 4027 sicvt

459 4202 463 4206 ι
583 4112 771 4181 ionae
815 4113 940 4180 fuit
980 4098 1179 4200 eignfi
1227 4115 1380 4181 nine

585 4267 739 4333 uitis
782 4267 879 4334 ita
921 4268 1046 4334 erit
1087 4275 1155 4334 et
1195 4268 1370 4334 filius

582 4417 867 4486 hominis
919 4419 1333 4505 generationi

889 4572 996 4637 isti

1506 692 1816 775 Lecll

1741 895 1820 961 31
1912 895 2147 979 regina
2188 896 2396 962 austri
2440 903 2671 979 surget

1914 1049 1984 1113 in
2029 1047 2273 1116 iudicio
2319 1069 2462 1115 eum
2507 1049 2668 1116 uiris
2712 1070 2796 1135 ge

1912 1200 2276 1268 nel-ationis
2321 1201 2512 1269 huius
2556 1209 2625 1271 et
2668 1224 2789 1269 eon

1914 1354 2255 1422 demnabit
2295 1355 2448 1422 illos
2493 1356 2648 1441 quia
2692 1377 2774 1424 ue

1912 1507 2010 1572 nit
2049 1529 2091 1574 a
2132 1507 2309 1575 finib'
2353 1516 2543 1575 terrae
2591 1509 2744 1577 audi

1911 1680 1981 1726 re
2024 1661 2355 1746 sapientia
2397 1663 2650 1729 salomo

1912 1814 2016 1880 uis
2062 1821 2129 1881 et
2172 1834 2325 1882 eeee
2370 1817 2516 1900 plue
2562 1818 2813 1885 salomo

1740 1971 1824 2035 32
1910 1988 1994 2034 ne
2039 1967 2147 2033 hie
2189 1967 2333 2034 Uiri
2377 1969 2711 2037 nineuitae
2755 1990 2866 2038 eur

1909 2127 2069 2203 gent
2112 2121 2179 2186 in
2227 2121 2473 2188 iudicio
2519 2142 2664 2190 eum
2709 2144 2793 2208 ge

1908 2274 2250 2342 nei-atione
2291 2275 2419 2342 hae
2461 2283 2527 2343 et
2569 2276 2778 2343 eonde

1908 2428 2157 2493 nabunt
2200 2428 2318 2494 illa
2362 2427 2518 2512 quia
2561 2430 2736 2514 paeui

1908 2581 2117 2647 tentia
2159 2588 2436 2666 egerunt
2480 2581 2549 2647 in
2594 2603 2712 2667 pre

1908 2733 2240 2801 dicatione
2285 2735 2479 2803 ionae
2523 2741 2594 2803 et
2634 2755 2709 2802 ee

1906 2908 1982 2954 ee
2023 2889 2173 2973 plus
2216 2900 2344 2973 que
2389 2888 2544 2954 iona
2589 2887 2699 2954 hie

1725 3041 1809 3105 33
1895 3042 2105 3108 Nemo
2152 3042 2423 3108 lucerna
2462 3061 2661 3108 aeeen

1695 3126 1846 3323 ἓξὲξ
1903 3192 2002 3260 dit
2044 3201 2110 3260 et
2149 3194 2215 3259 in
2262 3193 2649 3261 abeeondito

1899 3347 2085 3430 ponit
2131 3348 2273 3431 neq'
2316 3348 2437 3413 sub
2478 3347 2699 3414 modio

1899 3497 2018 3564 sed
2060 3518 2262 3583 supra
2305 3498 2711 3566 candelabrfi

1897 3657 1969 3716 ut
2011 3651 2122 3735 qui
2167 3650 2627 3736 ingrediuntur
2670 3654 2736 3719 lu

1722 3805 1809 3871 34
1896 3823 2043 3870 men
2088 3803 2379 3872 uideant.
2427 3804 2640 3872 Lueer

1691 3888 1841 3934 10134

1690 3941 1838 4038 mt⁶49
1898 3979 1986 4024 na
2029 3957 2320 4042 eorporis
2363 3956 2459 4024 tui
2504 3964 2621 4024 eet.
2668 3978 2706 4023 ο

1896 4113 2078 4179 culus
2121 4118 2270 4179 tuus
2314 4111 2373 4177 si
2417 4112 2638 4178 oculus
2680 4118 2753 4177 tu

1870 4258 1970 4333 'us
2016 4266 2212 4332 fuerit
2254 4265 2538 4351 simplex
2580 4272 2648 4331 to

1890 4421 1962 4484 tfi
2009 4439 2243 4504 eorpus
2284 4420 2402 4486 tufi
2449 4417 2670 4485 lueidfi

2199 4572 2342 4638 erit.

2410 4840 2501 4893 16·

2816 696 2943 762 243
