3634 5717
768 685 890 759 126

802 3704 902 3748 r19

1858 664 2212 758 Mrdl2

785 896 872 961 39
961 902 1028 961 et
1070 901 1212 962 erat
1267 895 1637 979 praedicans
1695 897 1762 962 in
1809 918 1978 982 syna

961 1045 1156 1131 gogis
1202 1057 1361 1114 corn
1406 1053 1473 1114 et
1517 1048 1694 1113 omni
1738 1049 1878 1133 gali

960 1196 1069 1264 lea
1111 1202 1179 1265 et
1221 1197 1531 1265 demonia
1573 1197 1822 1266 eiciens

958 1348 1043 1414 Et
1084 1349 1270 1416 uenit
1315 1351 1400 1416 ad
1444 1351 1529 1418 οῦ
1574 1350 1761 1434 lepro
1808 1346 1812 1351 ’

960 1517 1071 1564 sus
1115 1497 1500 1583 depraecans
1547 1502 1631 1567 οῦ
1677 1508 1743 1566 et
1787 1502 1857 1568 di
1895 1590 1900 1595 .

964 1668 1118 1715 cens
1163 1648 1221 1715 si
1264 1650 1366 1716 uis
1411 1658 1601 1735 potes
1646 1673 1749 1721 me
1793 1674 1946 1720 mun

956 1798 1117 1867 dare
1161 1799 1266 1866 ihs
1310 1808 1462 1868 aute
1508 1803 1814 1871 misertus

958 1959 1060 2018 est
1103 1951 1243 2018 eius
1286 1959 1354 2020 et
1397 1953 1760 2023 extendens

958 2104 1156 2169 manti
1203 2114 1322 2170 sua
1364 2111 1431 2170 et
1472 2112 1755 2190 tangens
1795 2114 1874 2173 eir

959 2262 1027 2322 et
1068 2255 1164 2323 ait
1208 2255 1306 2322 illi
1351 2256 1500 2322 uolo
1545 2258 1862 2325 mundare

958 2414 1025 2474 et
1068 2409 1148 2473 cd
1195 2407 1474 2476 dixisset
1517 2364 1741 2475 Statim
1787 2409 1891 2476 dis

958 2557 1158 2625 cessit
1199 2560 1285 2625 ab
1328 2581 1406 2628 eo
1451 2562 1639 2645 lepra
1683 2569 1750 2630 et
1797 2583 1951 2629 mvn

959 2707 1152 2776 datus
1198 2718 1298 2777 est
1341 2718 1408 2780 et
1450 2712 1547 2779 ait
1590 2712 1688 2779 illi
1734 2712 1889 2781 uide

960 2859 1208 2926 nemini
1246 2860 1494 2929 dixeris
1538 2863 1657 2930 sed
1700 2884 1788 2930 ua

957 3010 1042 3077 de
1085 3011 1361 3079 ostende
1404 3019 1470 3080 te
1514 3014 1800 3099 principi

954 3163 1302 3229 sacerdotri
1348 3169 1415 3229 et
1457 3163 1617 3231 offer
1658 3185 1778 3251 pro

954 3313 1418 3382 emundatione
1462 3322 1577 3383 tna
1619 3336 1763 3401 quae

955 3465 1253 3550 precepit
1296 3487 1556 3553 moyses
1599 3468 1667 3533 in
1712 3475 1812 3536 tes

955 3604 1494 3687 timonium'illis.
1539 3620 1626 3685 At
1664 3619 1779 3686 ille

956 3788 1260 3853 egressus
1305 3770 1525 3853 coepit
1568 3791 1704 3854 prae

956 3919 1178 3988 dicare
1223 3927 1290 3987 et
1332 3921 1675 3988 diffamare
1719 3941 1829 3988 ser

953 4077 1142 4136 mone
1186 4070 1282 4137 ita
1323 4078 1395 4137 nt
1439 4072 1506 4138 ia
1547 4091 1677 4138 non
1726 4093 1847 4157 pos

952 4228 1057 4289 set
1091 4220 1440 4289 manifeste
1484 4222 1552 4287 in
1598 4222 1726 4290 ciui

950 4378 1087 4438 tate
1133 4371 1405 4440 introire
1448 4375 1568 4442 sed
1611 4374 1773 4441 foris

948 4523 1016 4589 in
1063 4521 1344 4590 desertis
1388 4523 1550 4590 locis
1593 4544 1751 4594 esse.

1117 4683 1183 4744 et
1226 4675 1545 4744 conuenie

2284 891 2446 958 bant
2491 892 2576 958 ad
2623 893 2707 959 et't
2751 890 3042 975 undique

2281 1043 2367 1109 Et
2410 1045 2492 1109 cfi
2530 1043 2827 1109 uenisset
2869 1042 3122 1127 caphar

2281 1203 2415 1260 nan
2453 1200 2605 1277 post
2648 1194 2792 1261 dies
2838 1199 2905 1261 et
2948 1191 3176 1260 audit?

2284 1351 2386 1411 est
2429 1345 2603 1429 qnod
2648 1345 2717 1411 in
2762 1344 2958 1412 domo
3001 1351 3180 1412 esset

2284 1502 2349 1561 et
2391 1503 2838 1565 conuenerunt
2882 1496 3069 1563 multi

2282 1645 2378 1713 ita
2420 1653 2491 1713 ut
2533 1668 2665 1714 non
2712 1654 2978 1733 caperet
3019 1648 3160 1731 usq’

2282 1796 2366 1862 ad
2413 1796 2611 1865 ianua
2654 1806 2723 1867 et
2761 1800 3152 1884 loquebatur

2147 1949 2189 2014 3
2276 1922 2371 2015 eis
2409 1951 2614 2017 nerbfi
2659 1959 2727 2018 et
2762 1959 3081 2019 uenerunt

2279 2101 2564 2168 ferentes
2608 2101 2697 2169 ad
2742 2104 2824 2169 eti
2870 2103 3105 2188 pai-aly

2279 2252 2478 2318 ticum
2525 2253 2636 2336 qui
2681 2276 2724 2321 a
2765 2261 3069 2338 quattuor

2277 2404 2661 2487 portabatur
2704 2412 2771 2472 et
2813 2408 2894 2472 cd
2938 2427 3069 2473 non

2280 2561 2554 2639 possent
2596 2566 2676 2623 en
2727 2556 2824 2623 illi
2871 2557 3101 2625 offerre

2278 2726 2439 2791 prae
2481 2709 2672 2775 turba
2716 2708 3127 2776 nudauerant

2278 2865 2455 2926 tectn
2498 2859 2610 2927 ubi
2655 2867 2800 2927 erat
2843 2867 2910 2928 et
2946 2868 3103 2946 pate

2277 3011 2596 3078 facientes
2641 3012 2959 3079 miserunt

2279 3150 2559 3245 &rauatfi
2606 3162 2675 3228 in
2720 3183 2847 3247 qno
2891 3164 3126 3250 paraly

2275 3312 2443 3378 ticus
2487 3312 2745 3380 iacebat
2788 3317 2869 3382 c1'1
2914 3313 3122 3381 nidiss

2184 3437 2191 3445 ’
2274 3470 2378 3530 sot
2421 3471 2573 3531 aute
2617 3464 2722 3530 ihs
2765 3463 2896 3531 fide
2940 3465 3137 3533 illorfi

2277 3615 2370 3681 ait
2413 3616 2781 3702 paralytico
2823 3616 2919 3683 fili
2963 3617 3160 3685 dimit

2275 3774 2497 3834 tnntnr
2538 3767 2656 3833 tibi
2702 3774 2976 3854 peccata

2272 3925 2461 3986 erant
2504 3925 2655 3986 aute
2702 3919 2840 3986 illic
2885 3919 3087 4003 quida

2272 4070 2358 4137 de
2399 4070 2631 4137 scribis
2674 4067 2984 4137 sedentes
3029 4076 3095 4137 et

2272 4221 2638 4307 cogitantes
2680 4220 2747 4286 in
2794 4219 3037 4288 cordib'

2144 4372 2180 4435 7
2268 4373 2404 4440 suis
2449 4371 2606 4457 quid
2647 4371 2756 4438 hic
2799 4371 2898 4439 sic
2940 4372 3121 4457 loqui

2268 4531 2369 4592 tur
2411 4523 2831 4608 blasphemat
2868 4524 3015 4608 quis
3060 4545 3148 4609 po

2266 4681 2396 4742 test
2439 4674 2771 4743 dimittere
2816 4682 3093 4760 peccata
