3634 5717
393 660 512 727 Fol
564 662 686 729 112
1473 664 1565 730 Le
1608 663 1659 730 C
1702 666 1744 730 6
1788 664 1826 729 7
2812 667 2932 733 221

420 863 508 928 46
594 861 765 942 Quid
803 869 1020 932 autem
1052 864 1309 932 uocatis
1342 885 1448 934 me
1485 865 1613 933 (ἰιιι
1759 884 1774 901 ‘
1921 868 2172 953 plesset
2213 867 2437 938 omnia
2473 870 2679 937 uerba
2719 888 2840 937 sua

394 949 540 1095 :meio
600 1012 732 1082 dne
776 1021 843 1083 et
886 1036 1018 1083 non
1063 1015 1284 1084 facitis
1327 1036 1499 1101 quae
1541 1017 1610 1083 di
1922 1018 1991 1086 in
2037 1021 2242 1088 aurib’
2284 1021 2499 1106 plebis
2544 1019 2817 1088 intrauit
2860 1038 2940 1086 ea

393 1102 542 1349 Ῐ4ξ
598 1187 675 1233 eo
720 1166 952 1235 Omnis
993 1167 1106 1254 qui
1148 1167 1335 1236 uenit
1376 1167 1463 1236 ad
1790 1175 1834 1239 2
1920 1171 2287 1256 pharnaum
2326 1171 2726 1241 centurionis

393 1360 463 1401 m
467 1306 539 1401 562
597 1340 703 1388 me
748 1326 815 1388 et
856 1319 1044 1389 audit
1085 1339 1422 1389 sermones
1922 1329 2140 1392 autem
2183 1323 2523 1393 euiusdam
2560 1343 2788 1395 seruus

598 1491 781 1539 meos
824 1478 893 1541 et
934 1472 1097 1541 faeit
1137 1473 1289 1541 illos
1328 1479 1517 1541 osten
1799 1532 1804 1537 .
1922 1476 2095 1544 male
2138 1476 2389 1545 habens
2429 1482 2574 1546 erat
2616 1474 2782 1543 mori

598 1622 752 1692 dam
795 1625 984 1694 uobis
1027 1625 1133 1694 eui
1177 1624 1414 1693 similis
1459 1632 1561 1693 est
1791 1634 1835 1700 3
1919 1634 2102 1695 turus
2141 1627 2254 1714 qui
2297 1627 2400 1696 illi
2444 1634 2587 1697 erat
2629 1626 2843 1714 pretio
2942 1705 2945 1707 ,

426 1784 513 1851 48
599 1775 836 1845 similis
877 1784 981 1845 est
1022 1777 1309 1846 homini»
1354 1779 1550 1848 domir
1918 1799 2049 1849 sus.
2095 1786 2165 1850 et
2220 1781 2302 1848 efi
2351 1779 2650 1848 audisset
2690 1779 2775 1849 de
2818 1778 2934 1846 ihfi

598 1927 1008 2019 «aedifieanti.
1047 1931 1160 2017 qui
1206 1930 1376 1999 fodit
1414 1882 1484 1999 in
1917 1931 2101 2000 misit
2142 1932 2439 2001 seniores
2475 1931 2754 2001 iudeorfi

596 2079 801 2148 altum
850 2086 919 2149 et
960 2082 1183 2168 posuit
1225 2083 1430 2152 funda
1919 2102 2164 2169 rogans
2206 2084 2289 2151 e1'1
2332 2089 2407 2152 ut
2439 2082 2700 2153 ueniret
2737 2089 2805 2151 et
2832 2083 2931 2151 sal

597 2240 822 2302 menta
862 2253 1065 2320 supra
1106 2242 1296 2322 petra
1339 2236 1500 2305 inun
1786 2229 1833 2295 4
1914 2240 2105 2305 naret
2145 2246 2343 2303 serun
2386 2234 2548 2305 eins.
2593 2241 2664 2303 at
2706 2234 2808 2302 illi
2845 2210 2933 2302 ‘en

597 2384 865 2454 datione
909 2394 1127 2457 autem
1170 2389 1350 2457 faeta
1393 2388 1460 2456 in
1915 2388 2256 2457 uenissent
2295 2387 2383 2455 ad
2428 2387 2563 2454 ihm
2607 2387 2935 2475 rogabant

595 2536 790 2605 lisnm
834 2544 936 2606 est
973 2539 1214 2609 flumen
1260 2541 1482 2610 domui
1918 2550 2002 2608 eu
2049 2539 2335 2608 sollicite
2377 2538 2676 2609 dieentes
2719 2541 2877 2626 quia

596 2688 695 2755 illi
739 2696 808 2756 et
848 2710 980 2757 non
1024 2691 1239 2776 potuit
1281 2700 1362 2762 ea
1404 2714 1514 2763 mo
1918 2690 2162 2778 dignus
2204 2697 2309 2761 est
2348 2699 2423 2760 nt
2465 2692 2592 2759 hoe
2633 2691 2737 2759 illi
2779 2713 2933 2778 pres

595 2858 751 2909 uere
791 2840 1069 2913 fundata
1103 2856 1214 2913 eni
1260 2851 1404 2915 erat
1445 2866 1522 2915 su
1785 2842 1830 2906 5
1914 2851 2017 2914 tes
2060 2842 2287 2930 diligit
2324 2844 2501 2913 enim
2545 2849 2747 2931 gente

415 2991 502 3057 49
590 3011 712 3077 pra
754 3000 1012 3079 petram
1055 2995 1167 3081 qui
1210 3004 1363 3065 aute
1410 3019 1492 3067 au
1915 3004 2142 3065 nostra
2181 3003 2250 3066 et
2290 2997 2620 3082 sin⁸8085⁴
2660 2995 2808 3083 i1³⁸3

595 3143 696 3211 dit
739 3151 805 3213 et
846 3166 977 3214 non
1025 3147 1186 3215 faeit
1220 3132 1459 3219 siinilis
1504 3179 1565 3212 -ι-
1783 3149 1825 3215 6
1909 3148 2269 3218 aedifieauit
2311 3148 2523 3217 nobis.
2568 3149 2720 3217 Ibat
2778 3154 2929 3218 aute

593 3297 846 3367 homini
890 3297 1270 3368 aedificanti
1314 3301 1400 3369 do
1913 3302 1996 3368 efi
2039 3300 2174 3369 illis
2220 3301 2325 3368 ihs
2370 3307 2438 3370 et
2490 3312 2571 3369 eu
2617 3301 2750 3370 iam
2796 3322 2928 3370 non

594 3452 704 3516 mfi
747 3457 868 3519 sua
909 3470 1108 3538 snper
1149 3457 1392 3521 terram
1436 3454 1495 3521 si
1911 3453 2114 3541 longe
2156 3457 2334 3521 esset
2376 3473 2419 3520 a
2460 3451 2657 3521 domo
2703 3453 2793 3520 mi

594 3622 679 3671 ne
723 3602 1147 3672 fundamento
1186 3602 1400 3671 inlisit
1913 3554 2003 3671 εἰί
2044 3604 2132 3673 ad
2175 3596 2261 3671 eii
2305 3603 2599 3671 eenturio
2643 3601 2892 3670 amieos

594 3755 833 3823 flumen
876 3754 1099 3823 domui
1142 3754 1245 3824 illi
1289 3762 1358 3823 et
1400 3775 1523 3824 eon
1913 3755 2141 3825 dicens
2186 3755 2319 3824 dne
2361 3754 2498 3823 noli
2526 3754 2759 3823 uexari
2797 3775 2929 3823 non

591 3906 776 3975 tinuo
820 3906 1062 3977 oeeidit
1103 3913 1173 3976 et
1212 3908 1392 3976 faeta
1703 3978 1710 3989 .
1914 3909 2092 3978 enim
2135 3853 2377 3996 dignus
2420 3910 2500 3975 sfi
2544 3912 2616 3974 ut
2658 3907 2780 3975 sub
2825 3913 2929 3976 tec

592 4066 695 4126 est
736 4058 927 4127 ruina
970 4059 1203 4128 domus
1247 4059 1427 4127 illius
1783 4068 1820 4133 7
1908 4064 1983 4130 tu
2007 4063 2161 4129 meti
2185 4060 2391 4128 intres
2414 4061 2728 4147 prop[ter]
2753 4045 2930 4146 quod

593 4230 841 4296 magna
1261 4278 1266 4287 ,
1914 4220 1983 4282 et
2026 4235 2131 4282 me
2174 4214 2325 4300 ipsu
2370 4234 2503 4282 non
2546 4232 2690 4279 sum
2722 4210 2928 4295 dignit

387 4363 454 4495 g
478 4366 531 4494 g
595 4361 680 4427 Et
722 4362 900 4429 sactu
942 4368 1046 4429 est
1086 4383 1232 4429 enm
1271 4364 1341 4431 in
1914 4365 2270 4434 arbitratus
2323 4373 2395 4433 ut
2437 4366 2663 4434 uenire
2706 4362 2796 4431 ad
2838 4370 2904 4430 te

388 4503 434 4546 ¹⁰
459 4502 513 4596 ⁶3⁵
810 4558 816 4564 -
2086 4518 2206 4585 sed
2250 4517 2359 4585 die
2400 4519 2601 4585 uerbo

388 4609 456 4649 mt
481 4605 534 4646 65

388 4669 460 4701 mr
484 4656 536 4701 37
