3634 5717
454 692 577 760 Fol
618 693 704 759 60

656 893 946 961 rectione
992 893 1134 959 eius
1178 912 1345 960 uene

654 1051 806 1111 runt
849 1043 917 1110 in
961 1050 1142 1111 seam
1187 1043 1392 1112 eiuita

653 1203 718 1262 te
761 1201 830 1263 et
871 1195 1094 1262 multis
1138 1215 1392 1280 apparu

479 1346 567 1412 54
651 1354 841 1415 erunt
883 1347 1192 1414 Centurio
1238 1367 1319 1413 au

652 1505 717 1566 te
761 1504 828 1566 et
870 1498 1060 1583 quie?
1105 1519 1186 1565 eo
1229 1503 1419 1564 erant
1460 1517 1573 1564 ovs

651 1648 981 1716 todientes
1025 1648 1158 1714 ihm
1205 1646 1347 1714 uiso

638 1808 839 1889 ‘terrae
883 1806 1061 1866 motu
1106 1805 1173 1866 et
1214 1797 1319 1864 his

650 1971 794 2037 quae
836 1950 1084 2018 fiebant
1125 1950 1289 2017 timv

649 2108 840 2172 erunt
879 2101 1077 2170 valde
1121 2102 1312 2168 dieen

648 2263 749 2323 tes
791 2275 947 2322 uere
989 2254 1165 2321 filius
1208 2254 1277 2320 di
1322 2260 1465 2320 erat

477 2411 563 2478 55
651 2407 776 2475 iste
819 2407 1025 2473 Erant
1067 2404 1217 2473 av'te
1262 2411 1330 2473 et

646 2557 952 2626 mulieres
996 2556 1241 2624 multae

647 2730 689 2777 a
731 2710 931 2795 longe
973 2678 1118 2794 qvis
1161 2711 1404 2775 secutae

643 2867 832 2929 erant
873 2860 1008 2963 ihm
1054 2883 1097 2928 a
1139 2857 1389 2946 galilea
1429 2856 1498 2924 in

474 3006 563 3074 56
646 3012 1097 3080 ministrantes
1142 3010 1204 3079 ei
1250 3009 1420 3076 inter

644 3184 806 3249 quas
836 3169 995 3232 ’erat
1037 3161 1250 3229 maria
1291 3180 1447 3246 mag

646 3315 903 3383 dalenae
941 3321 1010 3383 et
1049 3313 1261 3382 maria
1303 3312 1449 3380 iaeo

643 3469 710 3535 bi
754 3474 822 3536 et
864 3465 1094 3551 ioseph
1139 3471 1348 3532 mater
1386 3471 1454 3531 et

646 3624 853 3686 mater
893 3617 1104 3684 filiorv
1145 3616 1303 3685 zebe

470 3768 553 3834 57
642 3769 771 3836 daei
814 3768 975 3836 Gnm
1020 3788 1168 3836 sero
1213 3773 1364 3835 aute

644 3922 820 3989 faeti
862 3926 1038 3988 esset
1076 3919 1259 3987 uenit
1301 3917 1501 4003 quide

641 4044 836 4142 hotho
881 4071 1068 4139 diues
1113 4071 1197 4138 ab
1239 4070 1450 4138 arima

646 4223 788 4291 thia
829 4222 1094 4290 nomine
1136 4221 1366 4306 ioseph

646 4375 756 4459 qui
801 4381 869 4441 et
905 4374 1052 4461 ipse
1094 4373 1457 4458 discipulvs

465 4526 550 4591 58
635 4533 779 4594 erat
818 4524 933 4591 ihu
977 4524 1087 4592 hie
1129 4544 1320 4593 aeees

810 4676 899 4744 sit
934 4641 1024 4743 ‘aa
1068 4675 1277 4763 pilatv

1565 691 1754 761 uto
1795 694 1880 762 27

1797 1183 1884 1249 59

1791 2394 1873 2459 61

2872 694 2994 762 115

1975 900 2043 961 et
2086 894 2256 979 petit
2298 913 2536 979 eorpus
2578 894 2687 960 ihv
2732 899 2888 962 tune

1974 1046 2219 1131 pilatus
2260 1044 2452 1112 ivssit
2495 1043 2685 1112 reddi
2731 1065 2844 1112 eor

1973 1216 2096 1282 pus
2136 1197 2222 1264 Et
2265 1203 2536 1281 aeeepto
2581 1216 2781 1281 eorpo

1972 1368 2045 1414 re
2089 1347 2320 1433 ioseph
2365 1347 2647 1415 inuoluit
2689 1347 2738 1413 il

1971 1499 2087 1566 lud
2132 1500 2200 1566 in
2245 1499 2546 1585 syndone
2590 1499 2836 1566 mvnda
2879 1503 2947 1565 et

1970 1649 2191 1735 posvit
2231 1650 2398 1718 illvd
2443 1650 2512 1717 in
2558 1669 2908 1716 monumen

1968 1808 2037 1868 to
2081 1820 2201 1869 suo
2243 1822 2415 1870 novo
2457 1801 2632 1885 quod
2676 1800 2822 1867 exei

1969 1951 2159 2020 derat
2207 1951 2274 2019 in
2316 1959 2511 2039 petra
2553 1959 2620 2019 et
2663 1950 2860 2018 aduol

1968 2102 2066 2170 uit
2106 2122 2338 2171 saxum
2383 2113 2644 2189 magnsr
2675 2101 2762 2169 ad

1968 2254 2139 2322 ostii*
2183 2253 2586 2321 monvmenti
2630 2260 2696 2321 et
2740 2275 2783 2320 a

1966 2403 2089 2472 biit
2132 2404 2294 2471 Erat
2337 2411 2488 2471 aute
2533 2404 2627 2471 ibi
2674 2424 2785 2470 ma

1964 2555 2069 2622 ria
2110 2553 2506 2641 magdalene
2549 2562 2616 2622 et
2656 2556 2791 2622 alte

1965 2727 2041 2774 ra
2083 2707 2296 2775 maria
2337 2706 2643 2775 sedentes
2686 2725 2808 2773 oon

1789 2853 1873 2919 62
1959 2865 2063 2926 tra
2103 2859 2450 2944 sepulchri
2495 2857 2726 2926 Altera
2770 2864 2922 2926 aute

1963 3008 2074 3076 die
2114 3010 2173 3094 q'
2216 3017 2318 3078 est
2360 3018 2511 3098 post
2550 3030 2827 3097 parasee

1961 3180 2045 3228 ue
2083 3168 2530 3230 conuenerunt
2573 3161 2787 3247 prinei

1964 3314 2083 3397 pes
2126 3313 2475 3380 saeerdotu
2520 3319 2587 3380 et
2628 3312 2819 3399 phari

1787 3461 1872 3527 63
1957 3463 2086 3542 saei,
2119 3463 2206 3531 ad
2249 3464 2526 3551 pilatum
2571 3463 2763 3531 dieen

1961 3623 2061 3682 tes
2105 3612 2236 3682 diie
2279 3612 2605 3709 recordati
2647 3634 2724 3681 sv

1962 3784 2105 3833 mus
2149 3764 2304 3849 quia
2346 3763 2651 3832 seductor
2693 3765 2742 3831 il

1959 3919 2025 3985 le
2070 3917 2241 3984 dixit
2284 3915 2499 3983 adhvo
2539 3916 2606 3983 ui

1958 4089 2121 4137 uens
2161 4074 2314 4155 post
2350 4073 2484 4136 tres
2526 4066 2671 4135 dies

1787 4218 1874 4286 64
1960 4226 2234 4307 resurgi
2276 4220 2429 4287 iube
2473 4240 2633 4305 ergo
2672 4238 2785 4286 ovs

1962 4372 2159 4440 todiri
2202 4371 2555 4457 sepulehrfi

1961 4524 2098 4608 usq'
2142 4522 2210 4589 in
2256 4522 2365 4590 die
2411 4520 2672 4590 tertium

1961 4674 2129 4742 sorte
2173 4672 2445 4740 ueniant
2529 4672 2540 4681 ’

2593 4821 2669 4877 3·
