3634 5717
757 612 884 679 312

793 814 880 881 20

792 1405 872 1472 21

794 2641 880 2708 23

800 3559 886 3625 24

804 4022 889 4086 25

1878 614 1994 682 Ioh
2040 613 2176 679 04

966 823 1188 901 patres
1232 817 1440 883 nostri
1484 817 1552 883 in
1598 826 1820 884 monte

963 969 1089 1034 hoo
1129 967 1571 1036 adoraverunt
1615 978 1681 1040 et
1723 991 1843 1039 uos

964 1121 1183 1189 dicitis
1230 1122 1387 1206 quia
1422 1122 1884 1212 hierusolymis

964 1280 1067 1340 est
1108 1274 1290 1342 locus
1335 1274 1448 1342 ubi
1491 1277 1771 1346 adorare
1815 1297 1854 1344 0

965 1433 1183 1512 portet
1224 1426 1389 1494 dicit
1432 1429 1493 1495 ei
1539 1429 1645 1496 ibe
1691 1430 1849 1497 muli

966 1600 1038 1648 er
1080 1580 1275 1649 crede
1319 1581 1481 1647 mihi
1526 1583 1683 1666 quia
1725 1581 1879 1650 ueni

969 1740 1036 1800 et
1079 1732 1245 1798 hora
1288 1733 1552 1816 qnando
1599 1733 1742 1818 neq'
1787 1733 1857 1798 in

966 1891 1189 1952 monte
1232 1884 1358 1951 hdo
1400 1886 1545 1971 neq'
1589 1886 1659 1951 in
1704 1885 1889 1953 hiero

968 2036 1243 2122 solymis
1289 2036 1652 2113 adorabitis
1698 2045 1887 2123 patr&

970 2209 1087 2257 uos
1132 2189 1426 2258 adoratis
1472 2191 1644 2275 quod
1692 2189 1876 2257 nesci
1972 2248 1977 2253 .

967 2341 1054 2408 tis
1097 2362 1218 2409 nos
1263 2341 1615 2411 adoramus
1661 2342 1837 2428 quod

965 2495 1208 2582 §cimus
1254 2494 1411 2578 quia
1451 2496 1629 2563 salus
1674 2515 1758 2562 ex
1801 2494 1870 2562 iu

967 2646 1112 2714 deis
1156 2653 1258 2714 est
1298 2647 1419 2715 sed
1462 2649 1646 2715 uenit
1688 2648 1855 2716 hora

968 2806 1036 2867 et
1079 2820 1254 2867 nuno
1297 2807 1398 2867 est
1441 2819 1615 2883 quan

972 2949 1058 3016 do
1099 2951 1241 3017 ueri
1286 2950 1669 3019 adoratores
1713 2949 1797 3017 ad

973 3102 1253 3168 orabunt
1289 3108 1477 3187 patr&
1523 3103 1592 3170 in
1631 3112 1758 3188 spn

973 3261 1041 3320 et
1082 3214 1362 3321 neritate
1409 3275 1560 3322 nam
1600 3262 1667 3322 et
1710 3275 1800 3341 pa

973 3413 1074 3472 ter
1117 3391 1302 3474 tales=
1330 3408 1563 3492 qnaerit
1608 3409 1717 3494 qui
1762 3407 1852 3502 ad

972 3555 1161 3626 brent
1204 3560 1288 3626 01‘1
1333 3567 1448 3646 εμὲ
1493 3568 1595 3628 est
1637 3560 1717 3627 ds
1753 3567 1822 3628 et

975 3731 1089 3780 eos
1136 3712 1249 3797 qui
1293 3713 1578 3781 adorant
1619 3732 1766 3779 enm
1814 3711 1885 3777 in

972 3875 1100 3950 spfi
1143 3874 1211 3935 et
1254 3867 1531 3936 ueritate
1576 3814 1739 3950 dpor

974 4022 1071 4084 tet
1114 4017 1392 4086 adorare
1434 4017 1598 4085 dioit
1641 4014 1703 4084 ei
1749 4036 1858 4081 mv

972 4168 1095 4235 liet
1139 4169 1276 4236 seio
1316 4170 1472 4254 quia
1516 4168 1792 4235 messias
1838 4187 1919 4235 ue

973 4319 1073 4386 nit
1117 4320 1227 4406 qui
1273 4321 1513 4388 dicitur
1554 4328 1681 4405 xpfi
1725 4330 1806 4388 οὐ
1853 4341 1924 4387 er

971 4494 1058 4558 go
1105 4472 1360 4540 uenerit
1402 4473 1515 4542 ille
1560 4473 1748 4541 nobis
1793 4473 1883 4540 ad

972 4624 1300 4691 nuntiabit
1345 4626 1567 4694 omnia

2118 817 2204 883 26

2116 969 2198 1035 27

2123 1875 2206 1940 28

2122 3398 2203 3464 31

2124 3859 2210 3926 32

2124 4320 2210 4391 33

2291 817 2456 884 dicit
2496 816 2559 885 ei
2603 816 2708 882 ihfi
2751 835 2878 900 ego
2922 817 3002 882 31⁶1
3046 816 3159 901 qni
3208 817 3275 883 lo

2291 989 2453 1054 quor
2497 977 2648 1037 tecti
2693 975 2761 1036 et
2802 968 3119 1036 continuo

2291 1127 2612 1191 uenerunt
2654 1119 2965 1205 discipuli
3011 1122 3072 1188 ei

2290 1296 2366 1343 ns
2411 1282 2480 1343 et
2520 1273 2927 1340 mirabantur
2971 1273 3128 1357 quia

2293 1438 2376 1495 οὐ
2419 1427 2693 1495 muliere
2738 1425 3021 1510 loqueba

2293 1589 2396 1646 tur
2440 1599 2631 1647 nemo
2673 1586 2892 1646 tamen
2938 1578 3054 1645 dix

2294 1732 2349 1801 it
2392 1731 2551 1817 quid
2596 1731 2834 1815 quaeris
2879 1739 2992 1798 aut
3035 1730 3198 1815 qnid

2295 1884 2582 1969 loqueris
2626 1903 2775 1951 cum
2819 1904 2920 1951 ea.
2964 1883 3088 1950 reli

2294 2038 2455 2123 quid
2499 2056 2662 2122 ergo
2707 2036 3017 2123 hydriam

2294 2196 2416 2258 sua
2459 2189 2694 2256 mulier
2738 2197 2806 2256 et
2846 2189 3013 2255 abiit
3052 2190 3125 2256 in

2295 2342 2568 2410 ciuitate
2614 2349 2682 2408 et
2725 2340 2897 2408 dixit
2941 2341 3075 2408 illis

2296 2494 2608 2562 hominib'
2653 2493 2879 2561 uenite
2919 2493 2986 2558 ui

2234 2711 2242 2718 .
2294 2648 2447 2715 dete
2491 2644 2757 2712 homine
2803 2646 2913 2730 qui
2957 2645 3073 2712 dix

2294 2800 2348 2866 it
2392 2797 2553 2864 mihi
2599 2799 2826 2865 omnia
2867 2807 3097 2883 quaeofi

2299 2951 2358 3035 q'
2401 2950 2531 3018 feei
2570 2950 2889 3037 numquid
2926 2950 3068 3036 ipse

2298 3111 2400 3171 est
2440 3110 2567 3189 xpfi
2611 3102 2913 3170 exierunt
2957 3123 3029 3170 er

2298 3276 2385 3342 go
2428 3256 2513 3324 de
2559 3256 2829 3323 ciuitate
2870 3263 2939 3323 et
2980 3276 3063 3323 ue

2295 3407 2566 3475 niebant
2608 3408 2695 3473 ad
2733 3428 2902 3475 eum.
2941 3409 3210 3474 Interea

2298 3560 2628 3646 rogabant
2671 3571 2755 3628 en
2796 3560 3055 3646 discipu

2300 3714 2349 3779 li
2394 3713 2690 3780 dicentes
2733 3711 2920 3779 rabbi
2965 3733 3116 3779 man

2296 3866 2468 3933 duea
2510 3865 2625 3933 ille
2669 3871 2821 3932 ante
2865 3864 3034 3931 dixit

2298 4020 2396 4086 eis
2442 4039 2568 4105 ego
2614 4017 2766 4085 ciba
2812 4017 3022 4085 habeo

2297 4169 2697 4238 manduoare
2742 4181 2866 4256 que
2912 4189 3030 4239 uos

2296 4323 2565 4391 nescitis
2610 4315 2921 4392 dicebant
2963 4343 3123 4408 ergo

2206 4557 2211 4562 ³
2295 4476 2606 4563 discipuli
2649 4477 2735 4545 ad
2783 4476 2999 4544 inuio&
3051 4497 3208 4543 num

2465 4629 2623 4713 quid
2668 4628 2909 4714 aliquis
