3634 5717
2828 677 2924 738 IX

367 876 501 946 xpi,
570 870 739 947 xpin,
805 889 919 941 xpo
989 871 1306 946 (christus,
1367 874 1607 950 christi,
1664 873 1973 947 christum,
2032 871 2314 949 christo);
2362 868 2459 942 sps
2504 867 2627 946 ses‘,
2673 878 2771 941 sps
2816 874 2924 942 sei,

364 954 491 1028 spffi
556 956 697 1033 scffi,
742 961 876 1028 spui
924 957 1014 1015 vel
1062 977 1172 1029 spu
1237 960 1337 1018 scb’
1382 959 1654 1034 (spiritus
1719 967 1988 1032 sanctus,
2055 958 2300 1029 spiritus
2370 955 2589 1030 sancti,
2652 954 2922 1026 spiritum

365 1051 648 1118 sanctum,
680 1042 915 1114 spiritui
939 1041 1032 1101 vel
1055 1045 1269 1116 spiritu
1299 1046 1547 1115 saneto).
1615 1043 1865 1103 Rariora
1893 1053 2032 1102 sunt
2058 1043 2203 1102 haec
2231 1042 2596 1113 compendia:
2629 1060 2738 1112 p-
2762 1059 2924 1114 prae,

363 1147 401 1199 p
466 1154 512 1174 -
560 1146 682 1204 per,
729 1128 801 1199 qo
830 1156 877 1176 =
910 1128 1087 1205 quod,
1132 1128 1191 1190 h
1244 1157 1292 1178 -
1336 1139 1551 1206 autem,
1605 1129 1651 1188 Η
1698 1156 1746 1177 -
1789 1129 1965 1204 enim,
2011 1150 2070 1183 -ι-
2123 1155 2171 1176 ·
2223 1137 2334 1204 cst,
2380 1128 2498 1198 quo
2540 1152 2588 1173 -
2633 1125 2922 1201 quoniam,

360 1232 421 1284 ·q
478 1240 524 1260 -
557 1232 689 1288 que,
734 1223 797 1272 et
841 1212 900 1272 in
943 1214 1136 1275 medio
1180 1212 1356 1275 verbo
1402 1224 1578 1287 atque
1612 1216 1670 1274 in
1699 1215 1812 1274 fine
1841 1212 2004 1274 verbi
2035 1213 2189 1273 linea
2216 1212 2614 1285 suprascripta
2644 1209 2732 1284 (⁴⁶)
2766 1237 2814 1258 -
2845 1230 2923 1287 m,

363 1308 421 1356 rt
464 1326 513 1346 -
557 1306 737 1375 -runt,
781 1299 840 1358 §t
885 1327 930 1346 ·-
977 1311 1135 1380 sunt,
1177 1299 1234 1361 b
1281 1329 1328 1349 ⁸-
1373 1299 1521 1362 ·b.us

536 1381 842 1456 Scriptura
885 1384 1101 1446 codicis
1145 1386 1309 1446 aurei
1352 1406 1457 1459 per
1501 1396 1693 1446 totum
1721 1405 1903 1458 prope
1934 1383 2166 1462 librum,
2214 1385 2299 1458 (h.
2333 1403 2384 1444 e.
2419 1383 2477 1441 in
2507 1379 2923 1453 superstitibus

360 1467 605 1528 Eusebii
651 1469 964 1529 canonibus
1010 1482 1185 1544 atque
1233 1473 1293 1532 in
1345 1482 1513 1532 textu
1555 1472 1811 1531 omnium
1856 1471 2285 1543 evangeliorum
2328 1479 2391 1528 et
2433 1467 2667 1541 prologo
2713 1467 2787 1526 ad
2830 1487 2918 1528 ev.

362 1553 606 1630 Lucae),
637 1575 842 1627 magna
862 1566 926 1615 et
948 1556 1135 1617 nitida
1162 1569 1273 1636 est,
1306 1558 1571 1618 rotundis
1601 1556 1927 1617 uncialibus
1950 1565 2124 1628 atque
2152 1555 2355 1615 eadem
2382 1574 2554 1612 manu
2584 1561 2822 1612 exarata
2835 1549 2921 1629 1);

364 1649 592 1700 ceterae
659 1650 853 1701 autem
917 1644 1257 1718 particulae,
1324 1645 1382 1705 h.
1431 1664 1478 1703 e.
1528 1643 1776 1716 epistola
1819 1641 2167 1712 Hieronymi
2225 1640 2298 1699 ad
2342 1640 2657 1700 Damasum
2715 1657 2921 1709 papam

363 1725 736 1798 eiusdemque
780 1726 1051 1800 prologus
1096 1730 1169 1788 ad
1215 1730 1407 1789 omnia
1445 1738 1723 1802 quattuor
1751 1728 2068 1802 evangelia,
2115 1727 2370 1798 itemque
2416 1725 2622 1784 incerti
2667 1724 2922 1783 auctoris

363 1810 612 1870 indices.
650 1812 904 1872 omnium
970 1815 1398 1887 evangeliorum
1464 1825 1525 1874 et
1589 1814 1811 1886 prologi
1858 1813 1932 1872 ad
1975 1812 2272 1886 evangelia
2315 1812 2500 1871 Marci
2559 1819 2622 1869 et
2664 1807 2938 1884 Ioannis,'

362 1896 504 1955 mihi
548 1897 782 1968 quidem
826 1901 1135 1959 recentiori
1180 1921 1353 1959 manu
1397 1900 1597 1960 deberi
1639 1900 1942 1977 videntur,
1988 1918 2101 1958 non
2143 1898 2299 1969 quod
2342 1896 2557 1956 litteris
2601 1892 2921 1953 minoribus

361 1983 612 2055 scriptae
657 1992 795 2042 sunt
841 1984 930 2057 (id
975 1987 1129 2045 enim
1172 1986 1436 2046 consulto
1480 1997 1541 2045 et
1586 1987 1657 2045 de
1703 1984 1996 2044 industria
2037 1985 2256 2043 factum
2295 2003 2422 2042 esse
2466 1991 2679 2054 potest,
2726 1999 2921 2051 quam-

362 2088 533 2139 quam
600 2068 752 2128 idem
820 2070 1143 2143 scripturae
1208 2092 1388 2145 genus
1454 2072 1515 2130 in
1580 2070 1815 2144 prologo
1882 2069 1955 2128 ad
1999 2069 2218 2128 Lucam
2264 2079 2325 2128 et
2370 2069 2429 2127 in
2473 2077 2598 2126 toto
2665 2066 2917 2124 omnium

363 2153 791 2226 evangeliorum
839 2164 1005 2215 textu
1049 2157 1284 2217 obvium
1328 2156 1644 2217 verisimile
1690 2155 1898 2214 saltem
1957 2154 2178 2226 reddit,
2225 2153 2539 2225 particulas
2585 2151 2713 2211 illas
2758 2172 2792 2209 a
2835 2171 2920 2209 re-

365 2239 624 2299 centiore
667 2259 842 2299 manu
886 2241 1178 2313 profectas
1223 2249 1403 2316 esse),
1470 2241 1573 2300 sed
1641 2249 1702 2298 et
1760 2239 1944 2298 multo
2007 2240 2281 2309 pauciora
2338 2239 2398 2296 in
2463 2238 2556 2295 his
2621 2235 2923 2308 particulis

364 2324 726 2401 compendia,
773 2345 945 2396 quam
990 2327 1049 2385 in
1095 2326 1429 2402 evangeliiS,
1475 2337 1536 2384 et
1579 2343 1883 2399 nusquam,
1930 2323 2084 2381 sicut
2128 2324 2187 2381 in
2232 2321 2567 2397 evangeliis,
2611 2320 2843 2379 litterae
2887 2341 2924 2379 n

366 2418 427 2467 et
473 2420 497 2466 t
540 2409 603 2467 in
647 2409 761 2467 fine
804 2429 1081 2469 versuum
1125 2431 1301 2482 supra
1344 2427 1577 2469 versum
1620 2409 1847 2481 positae
1877 2407 2165 2466 diversam
2195 2408 2400 2466 saltem
2443 2425 2676 2464 manum
2719 2403 2790 2463 ab
2835 2423 2923 2480 ea,

366 2513 513 2564 quae
559 2502 788 2552 textum
833 2494 1259 2566 evangeliorum
1305 2495 1560 2572 scripsit,
1605 2493 1914 2553 manifesto
1960 2492 2277 2551 ostendunt
2293 2487 2374 2566 ²),
2420 2501 2483 2550 et
2524 2489 2707 2549 multo
2750 2489 2924 2548 vilior

367 2578 426 2635 in
471 2577 564 2636 his
610 2578 913 2649 particulis
945 2578 1294 2650 membrana,
1340 2579 1609 2653 pallidior
1644 2578 1819 2646 color,
1865 2580 2158 2650 scriptura
2200 2576 2600 2654 negligentior,
2645 2595 2817 2646 quam
2863 2574 2921 2632 in

368 2661 593 2734 reliqua
637 2663 852 2722 codicis
896 2675 1082 2742 parte,
1128 2666 1406 2740 denique,
1461 2667 1558 2736 qui
1605 2664 1778 2725 cardo
1825 2664 1908 2723 rei
1955 2674 2074 2740 est,
2139 2684 2250 2723 non
2296 2663 2570 2721 continua
2612 2661 2920 2732 scriptura,

363 2747 485 2823 sed,
542 2757 608 2806 ut
654 2748 710 2805 in
758 2749 1177 2810 recentioribus
1223 2749 1537 2816 codicibus,
1605 2750 1908 2830 dissoluta,
1974 2749 2274 2820 formaque
2318 2748 2645 2807 litterarum
2691 2745 2921 2804 diversa

359 2830 431 2891 ab
475 2852 564 2912 ea,
609 2833 847 2904 quaein
878 2836 1089 2894 ceteris
1119 2836 1334 2895 codicis
1380 2835 1643 2908 partibus
1688 2830 1969 2910 exstatssj,
2014 2834 2179 2910 haec,
2225 2835 2478 2908 inquam,
2524 2831 2715 2891 omnia
2757 2840 2918 2890 certa

359 2927 697 2989 argumenta
741 2938 869 2978 esse
913 2920 1189 2980 videntur
1231 2921 1547 2993 particulas
1593 2920 1718 2979 illas
1764 2940 1798 2978 a
1845 2920 2167 2980 recentiore
2198 2940 2369 2978 manu
2415 2919 2705 2990 profectas
2750 2927 2813 2976 et
2855 2917 2913 2976 in

357 3002 614 3062 codicem
658 3002 850 3063 illatas
897 3026 1040 3068 esse.

522 3087 688 3148 Haec
732 3100 927 3150 autem
971 3112 1066 3151 res
1102 3092 1294 3165 magni
1323 3093 1598 3151 momenti
1643 3101 1756 3168 est,
1802 3093 1851 3150 si
1898 3091 1970 3150 de
2017 3099 2210 3150 aetate
2240 3089 2456 3148 codicis
2488 3089 2808 3162 quaeritur,
2854 3096 2915 3145 et

352 3183 549 3232 utrum
591 3172 746 3234 Itala
814 3197 886 3235 an
941 3176 1198 3250 Vulgata
1262 3177 1539 3237 dicendus
1606 3177 1702 3237 sit.
1815 3176 1994 3235 Patet
2062 3176 2235 3250 enim,
2303 3175 2533 3233 etiamsi
2591 3173 2649 3231 in
2717 3171 2914 3231 codice

352 3279 527 3319 aureo
595 3259 791 3319 adsint
854 3263 964 3322 hae
1031 3262 1350 3335 particulae
1418 3263 1488 3322 ab
1534 3261 1896 3331 Hieronymo
1950 3262 2224 3337 scriptae,
2291 3258 2426 3317 inde
2485 3267 2676 3318 tamen
2722 3256 2912 3329 colligi

351 3364 467 3404 non
510 3364 680 3416 posse
700 3390 717 3421 ,
786 3357 975 3407 totum
1018 3349 1275 3408 codicem
1318 3359 1452 3420 post
1497 3346 1843 3418 Hieronymi
1898 3356 2126 3419 tempus
2170 3345 2453 3416 scriptum
2497 3363 2624 3402 esse
2669 3343 2911 3414 eiusque

353 3429 666 3502 Vulgatam
709 3433 1025 3492 continere.
1107 3432 1260 3493 Sunt
1309 3453 1447 3492 sane
1499 3432 1614 3491 alia
1656 3440 2016 3508 argumenta,
2081 3450 2230 3501 quae
2287 3425 2594 3490 ostendere
2640 3427 2915 3487 videntur

353 3533 481 3574 esse
524 3534 656 3574 eum
692 3515 1063 3588 'Hieronymo
1111 3518 1512 3596 recentiorem,
1558 3518 1659 3576 sed
1705 3517 1777 3576 de
1823 3517 1916 3575 his
1961 3516 2115 3575 infra
2157 3515 2402 3575 dicetur.

1576 3873 1694 3952 lv.

523 4060 610 4121 Ut
651 4064 713 4120 in
758 4062 1020 4140 reliquis,
1075 4065 1176 4136 qui
1224 4064 1619 4142 innotuerunt,
1666 4063 1853 4124 Italae
1920 4064 2216 4124 codicibus
2269 4073 2444 4135 atque
2489 4063 2547 4120 in
2593 4062 2723 4120 aliis
2769 4063 2914 4120 anti-

354 4146 599 4218 quitatis
642 4149 1049 4225 monumentis,
1095 4149 1182 4207 ita
1226 4151 1283 4208 in
1328 4170 1504 4209 aureo
1549 4169 1779 4222 quoque
1818 4149 2016 4209 codice
2060 4150 2275 4209 formas
2319 4146 2628 4208 verborum
2661 4148 2914 4219 peranti-

458 4348 486 4396 ι)
516 4347 637 4392 Vide
661 4347 913 4394 faesimilia
939 4349 1089 4395 Tabb.
1118 4349 1191 4395 lv
1219 4350 1259 4394 B
1285 4356 1333 4395 ct
1360 4350 1401 4395 V
1431 4351 1472 4394 A
1500 4355 1548 4395 et
1573 4349 1628 4393 B.

454 4413 489 4467 ¹)
516 4415 637 4460 Vide
664 4416 895 4461 saesimile
919 4417 1036 4462 Tab.
1066 4418 1138 4462 1v
1165 4420 1222 4464 A.

455 4481 488 4535 ⁸)
516 4482 566 4528 Si
592 4483 773 4528 litteras
799 4497 830 4529 a
855 4499 880 4529 e
907 4499 949 4531 ω
978 4488 1000 4530 f
1022 4486 1052 4530 h
1082 4487 1095 4530 i
1123 4501 1154 4538 p
1181 4501 1210 4538 q
1238 4491 1258 4532 t
1284 4501 1314 4531 x
1342 4489 1403 4538 pl.
1445 4487 1494 4531 in
1520 4486 1777 4537 evangeliis
1812 4485 1877 4538 (in
1916 4488 2134 4532 faesimili
2162 4486 2278 4533 Tab.
2307 4486 2379 4531 IV
2409 4486 2449 4531 B
2485 4493 2533 4532 et
2570 4485 2611 4531 V
2645 4488 2684 4530 A
2711 4487 2767 4536 B)
2804 4498 2909 4529 eum

353 4550 519 4596 iisdem
545 4551 712 4596 litteris
730 4552 778 4597 in
797 4553 1041 4604 particulis
1068 4554 1162 4599 illis
1190 4553 1255 4606 (in
1283 4554 1501 4599 faesimili
1529 4553 1645 4599 Tab.
1668 4553 1739 4598 IV
1759 4555 1817 4606 A)
1847 4561 2065 4600 accurate
2092 4567 2429 4606 comparamus.
2457 4559 2666 4605 apparet.
2695 4554 2743 4597 in
2770 4553 2912 4604 parti·

354 4618 472 4664 culis
498 4618 592 4663 illis
617 4623 666 4664 ct
690 4620 893 4666 minores
918 4635 1016 4667 esse
1042 4623 1224 4667 litteras
1249 4626 1298 4667 et
1322 4622 1501 4668 formae
1525 4622 1737 4668 diversae
1752 4658 1762 4674 .
1791 4623 2019 4676 siquidem
2044 4629 2093 4668 et
2117 4624 2318 4668 acucula
2342 4621 2508 4667 addita
2532 4626 2604 4666 est
2627 4622 2703 4665 vel
2730 4621 2912 4671 lingula

352 4690 403 4732 et
425 4686 477 4731 in
502 4691 795 4802 sabianum?
819 4689 982 4734 infima
1008 4694 1140 4742 parte
1166 4691 1340 4736 lineola
1365 4695 1651 4744 transversa.
1690 4696 1789 4736 tum
1818 4690 1910 4737 huc
1938 4697 2037 4737 tum
2064 4692 2178 4737 illuc
2204 4692 2369 4742 dueta.
2407 4703 2602 4742 quorum
2627 4687 2832 4734 omnium
2862 4690 2909 4734 in

354 4768 534 4807 evange
557 4755 567 4766 ‘
723 4756 733 4767 “
779 4759 865 4802 est.
