3634 5717
813 3636 833 3678 1

733 3691 801 3729 „a
828 3688 903 3729 156
939 3654 1060 3718 suu
1107 3654 1357 3717 simone
1406 3660 1470 3717 et
1515 3651 1676 3717 dieit
1720 3651 1780 3715 ei
1829 3651 1893 3716 in

733 3739 879 3831 {aa

761 3959 843 4022 42

940 3807 1233 3872 uenimus
1282 3806 1519 3871 messia
1565 3805 1736 3888 quod

933 3966 1032 4024 est
1078 3960 1530 4043 interpraetatfi
1579 3965 1701 4041 xps
1749 3964 1813 4022 et

936 4112 1210 4177 adduxit
1256 4119 1330 4177 εἰν
1381 4113 1463 4177 ad
1513 4110 1644 4175 ihfn
1694 4111 1855 4176 intui

934 4276 1036 4331 tus
1083 4273 1233 4331 aute
1279 4286 1423 4330 eum
1473 4266 1574 4329 ihs
1619 4264 1789 4331 dixit
1834 4274 1900 4330 tu

934 4441 1004 4486 es
1049 4419 1256 4485 simon
1305 4418 1477 4483 filins
1525 4418 1798 4484 bariona

933 4581 999 4638 tu
1050 4573 1384 4638 uocaueris
1431 4573 1672 4656 cephas
1719 4574 1800 4655 qa

1100 4728 1568 4810 interpretatur

2078 3970 2160 4033 48

750 687 876 749 304
1883 688 1995 752 loh
2046 688 2095 751 C
2148 695 2171 754 l

953 894 1260 978 discipuli
1304 895 1611 975 loquente
1659 898 1724 955 et
1768 912 1838 955 se
2063 893 2177 989 ‘43
2269 899 2489 976 petrus
2534 896 2606 956 In
2655 894 2947 959 erastinfi
2996 916 3077 961 au

954 1048 1084 1114 euti
1136 1054 1287 1114 sunt
1331 1045 1462 1110 ihffi
2062 980 2182 1073 mst'g
2267 1054 2330 1111 te
2379 1047 2583 1112 uoluit
2628 1047 2810 1114 exire
2857 1048 2923 1112 in
2971 1049 3106 1132 gali

778 1205 859 1267 38
949 1201 1316 1268 Conuersus
1363 1205 1514 1265 aute
1561 1197 1665 1261 ihs
1711 1202 1776 1261 et
2266 1200 2390 1265 laea
2433 1208 2498 1266 et
2543 1201 2964 1285 proficiscens
3011 1203 3074 1267 in

745 1287 861 1331 ΒΓΕ
952 1356 1183 1421 uidens
1229 1373 1342 1420 eos
1388 1358 1735 1434 sequentes
2269 1353 2449 1417 uenit
2495 1353 2799 1438 philippfi
2850 1362 2914 1419 et
2959 1355 3121 1422 dieit

950 1529 1020 1573 se
1067 1508 1235 1573 dixit
1281 1507 1375 1571 eis
1423 1503 1577 1588 quid
1625 1501 1915 1585 quaeritis
2094 1510 2178 1573 44
2266 1505 2324 1571 ei
2371 1505 2475 1570 ihs
2520 1526 2793 1589 sequere
2839 1528 2943 1574 me
2987 1519 3130 1574 erat

949 1662 1057 1745 qui
1105 1661 1409 1728 dixerunt
1457 1659 1517 1724 ei
1566 1656 1748 1720 rabbi
1799 1653 1969 1737 quod
2265 1666 2415 1724 aute
2463 1659 2801 1745 philippus
2850 1682 2888 1726 a
2933 1661 3081 1726 beth

808 1910 812 1914 .
949 1796 1187 1880 dieitiir
1229 1810 1703 1896 interpraetatfi
2262 1810 2454 1876 saida
2496 1812 2764 1878 ciuitate
2811 1813 3073 1880 andreae

777 1970 858 2033 39
948 1968 1262 2051 magister
1308 1965 1414 2031 ubi
1460 1964 1721 2030 habitas
1766 1942 1971 2025 dioit‘
2088 1975 2171 2037 45
2260 1972 2325 2030 et
2370 1966 2537 2049 petri
2586 1975 2649 2031 et
2693 1967 2946 2033 inuenit
2990 1968 3100 2051 phi

946 2122 1041 2187 eis
1087 2121 1191 2185 ihs
1235 2119 1454 2186 uenite
1503 2127 1568 2184 et
1604 2117 1827 2182 uidete
2261 2118 2477 2202 lippus
2520 2118 2920 2186 nathanahel
2971 2129 3035 2186 et

943 2279 1262 2340 uenerunt
1309 2278 1374 2337 et
1418 2271 1723 2337 uiderunt
2258 2270 2419 2337 dicit
2464 2273 2523 2336 ei
2569 2279 2693 2356 que
2737 2273 3001 2357 scripsit
3044 2263 3150 2338 mii

941 2428 1051 2493 ubi
1099 2433 1394 2493 maneret
1436 2432 1503 2491 et
1547 2422 1718 2507 apud
1768 2425 1848 2489 εὖ
2257 2444 2362 2489 ses
2410 2426 2474 2491 in
2521 2427 2670 2510 lege
2715 2434 2782 2492 et
2827 2426 3166 2510 prophetae

942 2586 1321 2646 manserunt
1365 2579 1475 2644 die
1520 2577 1638 2643 illa
1680 2576 1845 2642 hora
2255 2546 2623 2645 inuenimus
2671 2580 2797 2644 ibin
2846 2580 2985 2645 filifi
3034 2582 3099 2645 io

943 2742 1092 2800 aute
1139 2742 1280 2798 erat
1326 2732 1510 2815 quasi
1557 2730 1815 2797 decima
2083 2738 2168 2799 46
2255 2733 2414 2815 seph
2467 2755 2507 2798 a
2552 2735 2860 2800 nazareth
2912 2741 2977 2799 et
3021 2733 3134 2799 dix

769 2889 855 2952 40
939 2895 1080 2953 erat
1125 2893 1274 2952 aute
1323 2885 1605 2951 andreas
1652 2886 1856 2950 frater
2254 2886 2303 2950 it
2348 2886 2407 2952 ei
2448 2887 2848 2954 nathanahel
2886 2909 2927 2953 a
2965 2889 3275 2954 nazareth

938 3039 1210 3104 simonis
1259 3039 1424 3122 petri
1472 3057 1636 3103 unus
1684 3035 1895 3137 exudv
2253 3044 2468 3122 potest
2513 3040 2763 3123 aliquid
2808 3041 2958 3105 boni
3008 3062 3079 3107 es

939 3192 1035 3257 ob'
1082 3191 1189 3274 qui
1237 3190 1582 3256 audierant
1627 3190 1709 3255 ab
1756 3189 1954 3254 iohan
2252 3212 2322 3257 se
2369 3192 2530 3256 dicit
2575 3193 2634 3257 ei
2681 3193 3020 3278 philippus
3067 3215 3147 3259 ue

940 3365 1021 3410 ne
1068 3353 1132 3410 et
1176 3344 1379 3410 secuti
1428 3347 1687 3410 fuerant
1731 3343 1865 3408 ihm
2079 3345 2159 3408 47
2252 3346 2317 3410 ni
2364 3354 2430 3411 et
2476 3345 2627 3411 uide
2674 3345 2905 3411 uidens
2953 3354 3102 3412 aute

733 3500 852 3627 i4¹17
939 3500 1199 3565 Inuenit
1246 3500 1353 3564 hie
1398 3498 1613 3583 primu
1663 3498 1862 3563 fratre
2250 3498 2353 3564 ihs
2399 3478 2801 3566 nathanahel
2846 3501 3082 3566 uenien

2250 3658 2315 3717 te
2362 3652 2447 3717 ad
2493 3673 2564 3719 se
2611 3661 2675 3719 et
2719 3652 2888 3719 dixit
2935 3675 3085 3720 ecee
3130 3676 3212 3720 ue

2252 3825 2320 3870 re
2363 3806 2709 3873 israhelita
2752 3808 2817 3872 in
2867 3829 2993 3891 quo
3039 3808 3123 3872 do

2250 3961 2348 4023 lus
2393 3979 2520 4025 non
2570 3969 2670 4026 est
2714 3960 2877 4026 dicit
2921 3962 2979 4026 ei
3031 3983 3116 4025 na

2139 4176 2145 4182 .
2246 4113 2558 4179 thanahel
2602 4113 2775 4179 unde
2821 4135 2923 4180 me
2970 4135 3088 4178 nos

2245 4267 2314 4333 ti.
2360 4268 2701 4350 respondit
2746 4267 2849 4331 ihs
2895 4274 2959 4332 et
3003 4267 3117 4331 dix

2245 4420 2295 4484 it
2341 4420 2443 4486 ihs
2489 4429 2554 4486 et
2599 4420 2659 4485 ei
2708 4420 3018 4503 priusqva

2243 4574 2581 4658 philippus
2628 4583 2691 4639 te
2736 4582 3000 4638 uocaret

2245 4740 2320 4791 οὐ
2372 4749 2550 4792 esses
2595 4728 2712 4792 sub
2759 4728 2879 4790 ficu
