3634 5717
738 648 866 725 372

945 849 1251 917 hebreice
1294 851 1616 935 golgotha

784 1004 860 1070 18
948 1001 1060 1066 ubi
1103 1021 1249 1067 eum
1296 1002 1664 1069 crucifixeit

739 1087 916 1285 ἓξὲξ
949 1154 1031 1219 Et
1075 1173 1221 1219 cum
1265 1175 1345 1222 eo
1391 1155 1560 1222 alios
1604 1154 1768 1221 duos

740 1255 889 1336 &³¹⁷
950 1305 1105 1372 hinc
1148 1305 1295 1390 adq'
1338 1305 1525 1373 illinc
1570 1306 1792 1374 medifi

740 1446 890 1575 501?oe
950 1465 1168 1526 autem
1215 1459 1346 1523 ihm
1391 1458 1669 1526 Scribsit
1711 1480 1794 1526 av

743 1581 914 1677 mtlssss
949 1616 1014 1677 te
1062 1617 1130 1677 et
1171 1610 1366 1677 titulfi
1412 1612 1656 1695 pilatus
1701 1620 1768 1679 et

743 1682 915 1778 {¹3¹3ss
1122 1762 1136 1777 .

948 1769 1171 1846 posuit
1213 1783 1411 1847 super
1455 1771 1644 1829 cruce

948 1918 1093 1978 erat
1136 1920 1287 1980 aute
1333 1916 1581 2000 scriptfi
1626 1915 1731 1983 ihs

947 2084 1310 2132 nazarenus
1353 2087 1472 2135 rex
1516 2066 1732 2134 iudseo

742 2211 865 2340 ἰ20
950 2216 1027 2282 rfi
1071 2216 1261 2284 Hunc
1304 2238 1461 2304 ergo
1508 2219 1702 2286 titulfi

795 2400 863 2443 ,οι
951 2368 1141 2435 multi
1186 2370 1489 2454 legerunt
1528 2371 1700 2438 iudae

949 2522 1069 2586 orti
1114 2521 1276 2605 quia
1315 2523 1766 2622 prope‘ciuita

947 2679 1013 2738 te
1057 2679 1203 2740 erat
1245 2674 1426 2740 locus
1469 2676 1582 2743 ubi
1627 2678 1802 2743 crvci

951 2824 1117 2892 fixus
1163 2834 1266 2893 est
1309 2827 1412 2894 ihs
1456 2835 1525 2896 et
1566 2836 1711 2897 erat

949 2976 1198 3062 scriptfi
1244 2978 1548 3048 hebreice
1592 3002 1711 3066 gre

781 3127 861 3192 21
952 3147 1028 3193 ce
1072 3136 1139 3196 et
1177 3131 1385 3199 latine
1429 3130 1739 3199 dicebant

951 3301 1110 3367 ergo
1156 3282 1364 3368 pilato
1410 3284 1639 3368 pontifi

949 3453 1058 3500 ces
1102 3434 1376 3502 iudeorfi
1419 3436 1555 3502 noli
1600 3438 1740 3511 scri⁸

945 3587 1101 3653 bere
1145 3607 1261 3652 rex
1305 3587 1599 3655 iudaeorfi
1644 3588 1763 3657 sed

947 3738 1102 3822 quia
1145 3740 1290 3824 ipse
1335 3739 1507 3807 dixit
1546 3761 1665 3807 rex
1708 3743 1786 3808 επὶ

775 3892 860 3956 22
946 3891 1241 3958 iudaeorii
1287 3891 1629 3976 respondit

947 4043 1192 4127 pilatus
1238 4040 1413 4126 quod
1455 4042 1630 4109 scrib

774 4197 859 4263 23
944 4194 1003 4258 si
1044 4193 1244 4259 scribi
1288 4192 1534 4270 Milites
1578 4213 1737 4279 ergo

737 4281 785 4327 io
809 4282 887 4326 ml

740 4333 913 4479 mstffi
947 4346 1026 4410 οὔ
1078 4344 1559 4412 crucifixissent

738 4447 812 4478 ml*

739 4484 784 4527 ¹⁰
809 4486 884 4528 ³²¹
947 4495 1080 4562 ihm
1127 4504 1522 4583 acceperunt
1566 4516 1680 4563 nes

1112 4640 1389 4717 tinienta

1741 637 1751 645 ⁶
1850 648 1966 716 Ich
2011 649 2062 715 C
2111 650 2189 716 19

2100 1601 2185 1665 24

2270 851 2411 918 eius
2453 857 2521 919 et
2564 850 2859 918 fecerunt
2901 857 3059 933 quat

2269 1012 2414 1071 tuor
2460 1007 2681 1088 partes
2724 1001 2944 1067 unicui

2270 1157 2327 1240 q'
2372 1154 2568 1221 militi
2613 1160 2799 1238 parte
2847 1161 2989 1220 crat

2271 1314 2421 1374 aute
2465 1305 2690 1373 tunica
2732 1306 3006 1372 incensu
3070 1299 3078 1308 ’

2270 1460 2407 1525 tilis
2448 1458 2532 1525 de
2577 1477 2777 1542 super
2821 1478 2943 1524 con

2270 1619 2455 1678 texta
2498 1629 2615 1697 per
2658 1617 2799 1677 totfi
2841 1610 2994 1678 dixe

2271 1773 2420 1832 runt
2466 1786 2624 1851 ergo
2671 1766 2759 1833 ad
2801 1765 3017 1831 inuice

2274 1938 2403 1983 non
2448 1916 2827 1984 scindamus
2871 1937 3017 1983 eam

2271 2068 2389 2136 sed
2435 2068 2786 2136 sortiamur
2828 2067 2913 2135 de
2956 2069 3005 2134 il

2271 2221 2340 2287 la
2384 2221 2568 2288 cuius
2613 2221 2702 2288 sit
2742 2228 2813 2287 ut
2855 2193 3106 2305 scriptu

2129 2403 2142 2412 ·
2271 2394 2348 2440 ra
2392 2373 2724 2458 inpleatur
2766 2371 2997 2440 dicens

2064 3280 2185 3409 io25

2114 3416 2167 3461 ιο

2095 4042 2180 4106 26

2270 2524 2639 2593 diuiserunt
2678 2526 3002 2593 uestimen

2272 2684 2343 2743 ta
2386 2698 2536 2744 mea
2578 2676 2706 2743 sibi
2752 2684 2819 2744 et
2861 2697 3060 2763 super

2273 2835 2457 2895 ueste
2502 2834 2651 2895 mei
2695 2829 2921 2895 miscit
3030 2783 3035 2788 -

2271 2986 2449 3047 sorte
2494 2986 2561 3047 et
2604 2980 2849 3047 milites
2888 2980 2997 3065 qvi

2271 3130 2354 3197 de
2402 3131 2543 3199 haec
2588 3132 2883 3200 fecerunt

2272 3283 2553 3350 Stabant
2598 3292 2748 3352 aute
2795 3287 2908 3352 iux

2269 3441 2340 3499 ta
2383 3456 2639 3502 crucem
2684 3436 2798 3502 ihfi
2844 3458 2953 3503 ma

2267 3573 2367 3651 ter
2411 3588 2553 3653 eius
2599 3595 2666 3655 et
2708 3608 2892 3655 soror
2935 3610 3049 3657 ma

2265 3737 2384 3805 tris
2431 3738 2572 3805 eius
2612 3739 2825 3806 maria
2865 3742 2966 3807 cle

2268 3912 2394 3976 ope
2437 3899 2506 3959 et
2548 3892 2760 3958 maria
2802 3911 2957 3975 mag

2268 4043 2507 4110 dalene
2552 4053 2635 4110 οὐ
2678 4043 2956 4111 uidisset

2269 4201 2487 4262 autem
2534 4195 2638 4262 ihs
2681 4202 2890 4262 matre

2267 4355 2333 4415 et
2379 4347 2711 4433 discipulfi
2756 4325 2904 4415 stan

2266 4506 2331 4565 te
2377 4507 2502 4584 que
2550 4500 2873 4585 diligebat
2917 4496 2988 4563 di

2569 4651 2658 4716 cit
