3634 5717
370 621 493 687 rol
539 622 619 688 87
724 592 741 603 “

344 1227 351 1233 ’
401 1281 489 1346 30

405 2039 484 2105 31

409 2496 493 2561 32

375 2583 549 2627 nir-152

376 2688 442 2728 mt
449 2634 542 2729 ὅ261

575 830 642 901 et
684 844 803 891 vos
849 846 991 893 eum
1034 826 1188 894 uide

573 977 719 1043 ritis
763 978 905 1045 haee
947 979 1091 1045 fieri
1134 978 1229 1045 sei

577 1136 712 1197 tote
756 1131 930 1214 quod
974 1130 1042 1196 in
1088 1151 1253 1215 prox

573 1281 705 1357 imo
747 1283 838 1349 sit
879 1283 946 1348 in
994 1282 1207 1349 ianuis
1254 1304 1297 1350 a

579 1454 728 1500 men
773 1433 921 1501 dieo
967 1435 1156 1501 uobis
1197 1448 1323 1520 quo

577 1606 707 1651 non
754 1586 1033 1653 transiet
1075 1608 1161 1671 ge

579 1737 830 1804 neratio
867 1739 1008 1804 haee
1052 1738 1263 1807 donee

581 1888 804 1957 omnia
847 1890 977 1957 ista
1019 1891 1183 1958 fiant

577 2042 742 2108 eaelfi
785 2049 851 2109 et
894 2049 1089 2123 terra¹
1113 2050 1259 2110 trau

577 2193 799 2259 sibunt
835 2196 1039 2262 uerba
1084 2202 1235 2262 aute

580 2366 729 2412 mea
770 2367 900 2412 non
944 2347 1318 2414 transibunt

582 2497 681 2564 De
725 2497 834 2566 die
879 2505 1031 2565 aute
1076 2499 1194 2565 illa
1238 2500 1343 2567 uel

576 2650 742 2717 hora
784 2671 976 2718 nemo
1020 2651 1145 2716 seit

579 2804 723 2888 neq'
769 2804 993 2888 angeli
1036 2803 1244 2870 in·eae

577 2957 644 3022 lo
688 2956 831 3039 neq'
875 2955 1049 3022 filius
1094 2955 1223 3022 nisi

376 3111 548 3240 33153
572 3115 761 3194 pater
803 3106 1043 3173 Uidete
1088 3107 1243 3190 itaq’

377 3249 545 3343 mtssm

378 3554 547 3684 ,ἔξω

376 3692 546 3839 &2²3⁰

578 3260 855 3346 uigilate
900 3264 967 3325 et
1010 3265 1194 3326 orate
1320 3244 1331 3291 .·

582 3413 737 3498 quia
782 3432 865 3478 ne
909 3410 1094 3477 seitis
1141 3429 1313 3493 quan

581 3564 665 3631 do
710 3571 902 3647 tepus
942 3561 1036 3627 sit
1060 3560 1257 3627 ‘Sient

582 3717 776 3782 homo
821 3713 931 3797 qui
978 3733 1255 3797 peregre

581 3867 910 3952 profectus
954 3885 1024 3931 re

581 4018 774 4101 liquit
818 4017 1016 4084 domu
1061 4022 1181 4082 sui

580 4176 648 4238 et
698 4170 865 4236 dans
909 4168 1119 4235 seruis
1155 4184 1233 4234 su

582 4324 642 4388 is
682 4327 1008 4406 potestate
1054 4319 1166 4385 uni

581 4472 744 4556 euiq'
789 4471 1007 4556 operis
1040 4470 1143 4538 sui
1187 4478 1255 4538 et

582 4624 845 4690 ianitori
892 4622 1235 4707 praecipiat

750 4757 1032 4843 uigilare

1404 626 1503 691 Mr
1544 625 1595 693 O
1643 629 1720 695 13
1770 628 1850 692 14

1726 833 1810 899 35
1896 829 2009 895 Sie
2051 849 2210 913 ergo
2254 830 2531 915 uigilate
2575 850 2692 896 nes

1691 935 1763 965 mr
1786 921 1866 965 155

1693 974 1864 1070 mt3275

1691 1079 1736 1121 le
1762 1077 1841 1120 156

1724 1540 1810 1649 se

1726 2045 1807 2109 37

1835 2275 1848 2283 ‚
1900 2218 1976 2263 eo
2024 2197 2261 2263 omnib'
2303 2196 2455 2265 dieo
2500 2161 2774 2279 uigilate

1696 2351 1759 2480 ἓ,
1776 2351 1856 2479 ὶΐὲ

1694 2500 1764 2531 mr
1788 2487 1866 2530 156

1694 2538 1866 2684 ῗιέῐΞἾοό

1695 2692 1739 2735 io
1764 2692 1817 2735 m

1694 2773 1767 2804 mr
1790 2758 1868 2802 157

1692 2864 1761 2907 int
1771 2812 1865 2905 6276

1771 3259 1812 3320 2

1899 980 2049 1047 eitis
2091 993 2200 1048 eni
2246 982 2507 1064 quando
2553 982 2637 1049 do

1897 1131 2111 1197 minus
2155 1130 2386 1198 domus
2427 1133 2580 1200 ueni

1899 1289 1970 1349 at
2011 1303 2159 1350 sero
2204 1306 2289 1351 an
2335 1284 2558 1352 media
2597 1306 2721 1351 noe

1899 1442 1965 1500 te
2011 1457 2096 1501 an
2143 1438 2506 1521 gullieantu
2550 1445 2664 1504 aut

1897 1606 2091 1655 mane
2137 1609 2220 1655 ne
2265 1590 2360 1673 eti·
2392 1588 2650 1655 uenerit

1898 1749 2168 1826 repente
2213 1741 2510 1807 inueniat

1900 1913 2017 1959 uos
2063 1892 2464 1960 dormientes

1898 2043 2070 2127 quod
2117 2051 2268 2112 aute
2313 2044 2499 2111 uobis
2540 2044 2609 2109 di

1900 2350 2059 2415 Erat
2098 2356 2248 2415 aute
2291 2348 2543 2433 paseha

1900 2509 1968 2570 et
2011 2458 2224 2567 azima
2265 2505 2416 2584 post
2459 2496 2616 2564 bidu

1901 2675 2006 2721 um
2053 2654 2140 2719 Et
2182 2652 2542 2736 querebant

1901 2806 2071 2873 sumi
2117 2803 2493 2872 saeerdotes

1898 2965 1965 3026 et
2007 2958 2238 3026 seribae
2277 2975 2514 3040 quomo

1902 3110 1986 3175 do
2032 3111 2115 3175 eti
2160 3108 2314 3174 dolo
2354 3111 2652 3173 tenerent

1900 3268 1967 3328 et
2011 3259 2387 3328 occiderent
2426 3257 2496 3323 di
2615 3342 2624 3353 ὅ

1899 3413 2135 3480 cebant
2180 3422 2289 3476 eni
2332 3429 2464 3475 non
2509 3408 2577 3473 in

1902 3563 2012 3628 die
2055 3563 2223 3628 festo
2268 3582 2353 3627 ne
2396 3560 2564 3625 forte

1901 3713 2213 3780 tumultus
2250 3712 2438 3779 fieret

1903 3865 2128 3952 populi
2172 3865 2257 3930 Et
2300 3865 2381 3929 eu
2426 3870 2600 3929 esset

1905 4016 2233 4085 bethaniae
2278 4015 2343 4079 in
2389 4014 2583 4081 domo

1902 4167 2176 4234 simonis
2218 4166 2464 4251 leprosi

1903 4327 1970 4385 et
2010 4319 2353 4385 reefiberet
2394 4338 2477 4384 ue

1903 4470 2000 4535 nit
2045 4469 2278 4537 mulier
2321 4469 2571 4535 habens

1901 4623 2238 4689 alabastrfi
2282 4640 2542 4705 unguen

2208 4757 2260 4824 ti
2303 4756 2493 4824 nardi

2792 628 2911 694 171
