3634 5717
780 706 906 769 292

869 974 894 993 ,
983 911 1050 971 tu
1097 904 1274 971 solus
1320 905 1705 991 peregrinus

821 1518 898 1582 19

814 2438 900 2503 20

984 1079 1056 1125 es
1101 1058 1169 1125 in
1216 1059 1543 1126 hierusale
1587 1066 1654 1126 et
1692 1081 1818 1124 non

986 1211 1354 1297 cognouisti
1401 1232 1568 1295 quae
1615 1213 1720 1279 fae

986 1371 1057 1432 ta
1100 1371 1252 1432 sunt
1295 1365 1360 1431 in
1408 1364 1526 1433 illa'
1569 1365 1673 1431 his
1719 1365 1828 1433 die

983 1519 1041 1584 b'
1083 1519 1255 1603 quib'
1301 1519 1411 1584 ille
1458 1518 1627 1584 dixit
1672 1540 1840 1602 quae

985 1679 1051 1739 et
1095 1672 1402 1738 dixerunt
1447 1672 1508 1738 ei
1552 1671 1634 1737 de
1686 1670 1801 1736 ihfi

985 1845 1309 1893 nazareno
1354 1825 1462 1907 qui
1509 1824 1633 1890 suit
1676 1824 1778 1891 uir
1856 1858 1861 1863 ·

985 1977 1309 2063 propheta
1351 1983 1584 2061 potens
1631 1976 1698 2042 in

986 2151 1182 2217 opere
1228 2137 1293 2196 et
1336 2150 1637 2197 sermone

985 2305 1204 2351 eoram
1250 2282 1334 2350 ᾶό
1373 2289 1440 2350 et
1483 2283 1661 2349 omni
1709 2305 1793 2368 po

984 2439 1138 2522 pulo
1184 2443 1250 2503 et
1291 2436 1612 2520 quomodo
1660 2445 1763 2503 tra

987 2589 1296 2657 diderunt
1338 2590 1421 2656 efi
1465 2591 1700 2656 summi

782 2694 807 2743 †
835 2698 884 2739 et
907 2694 1058 2745 prinei

784 2804 802 2841 t

816 3053 889 3117 21

802 4729 904 4826 ‚23

781 2758 861 2840 ⁹55⁸
886 2758 968 2789 ¹²⁰⁸
992 2740 1397 2810 sacerdote&
1436 2743 1503 2808 in
1551 2743 1725 2809 dena

987 2897 1167 2962 tione
1214 2896 1440 2961 mortis
1485 2859 1551 2963 et
1595 2917 1706 2963 cru

989 3047 1334 3115 cifixerunt
1377 3059 1460 3114 εὐ
1506 3069 1625 3115 nos
1671 3071 1753 3116 au

987 3208 1052 3284 te
1099 3202 1526 3284 sperabamus
1570 3203 1726 3285 quia

991 3354 1133 3439 ipse
1179 3362 1353 3421 esset
1395 3354 1664 3441 redemp

989 3513 1168 3574 turus
1212 3507 1456 3575 israhel
1503 3517 1569 3575 et
1614 3488 1783 3576 tinne

987 3681 1184 3745 super
1226 3660 1393 3728 haee
1437 3662 1661 3728 omnia
1705 3670 1803 3729 ter

963 3815 1082 3880 ,tia
1126 3814 1268 3880 dies
1315 3822 1416 3881 est
1458 3815 1657 3881 hodie
1702 3836 1829 3899 quo

987 3966 1152 4034 haee
1197 3966 1372 4033 faeta
1415 3974 1567 4033 sunt
1610 3968 1727 4033 sed

987 4126 1056 4185 et
1100 4119 1406 4185 mulieres
1449 4119 1682 4202 quaedfi
1723 4142 1806 4186 ex

989 4271 1230 4336 nostris
1274 4278 1641 4337 terruerunt

991 4443 1111 4490 nos
1157 4444 1323 4506 quae
1368 4429 1523 4489 ante
1567 4426 1709 4491 luee

991 4577 1250 4643 fuerant
1295 4578 1379 4643 ad
1428 4599 1773 4645 monumen

989 4732 1079 4797 tfi.
1127 4737 1194 4797 et
1237 4753 1365 4797 uon
1413 4733 1681 4798 inuento
1777 4781 1798 4800 .

1891 703 2205 769 L0024

2130 1519 2215 1584 24

2129 2429 2213 2494 25

2129 3194 2214 3259 26

2128 3654 2210 3717 27

2129 4552 2213 4650 233

2300 926 2571 990 corpore
2616 905 2755 972 eius
2800 927 2969 974 uene

2298 1068 2447 1125 runt
2494 1059 2789 1135 dieentes
2835 1080 2906 1126 se

2298 1214 2432 1280 etis
2474 1213 2729 1280 uisione
2775 1216 3018 1298 angelo

2298 1368 2375 1432 r1'1
2420 1365 2669 1432 uidisse
2713 1368 2822 1450 qui
2868 1367 3017 1435 dieu

2298 1527 2370 1585 nt
2414 1521 2495 1585 οὐ
2539 1520 2785 1587 uiuere.
2833 1521 2915 1587 Et
2957 1522 3064 1589 abi

2271 1680 2487 1740 ·erunt
2531 1673 2730 1757 quida}
2777 1693 2861 1740 ex
2905 1696 3024 1741 nos

2297 1827 2416 1893 tris
2458 1827 2545 1894 ad
2590 1848 2937 1895 monumen

2298 1982 2369 2045 tfi
2414 1988 2480 2046 et
2525 1981 2621 2048 ita
2665 1982 3054 2048 inuenerunt

2297 2135 2466 2201 sieut
2509 2135 2815 2203 mulieres
2861 2136 2975 2201 dix

2299 2246 2509 2354 erunt·
2535 2290 2684 2373 ipsfi
2728 2278 2882 2354 {lero
2925 2309 3052 2354 non

2300 2441 2606 2508 uiderunt
2648 2448 2716 2509 et
2758 2443 2902 2526 ipse
2941 2440 3056 2507 dix

2299 2595 2351 2660 it
2394 2595 2480 2661 ad
2526 2615 2636 2662 eos
2683 2616 2721 2660 ο
2767 2596 2948 2665 stulti
2991 2603 3057 2662 et

2299 2747 2472 2815 tardi
2519 2748 2713 2815 corde
2757 2748 2844 2815 ad
2889 2748 2996 2815 er‘e

2305 2902 2526 2970 dendfi
2571 2904 2638 2968 in
2685 2904 2923 2970 omnib'
2968 2924 3114 2986 qvae

2302 3057 2500 3123 locuti
2545 3062 2698 3123 sunt
2740 3056 2991 3141 prophe

2300 3216 2408 3277 tae
2454 3211 2690 3276 Nonne
2736 3210 2901 3276 haee
2945 3232 2983 3274 o

2303 3363 2547 3447 portuit
2590 3364 2728 3449 pati
2774 3376 2929 3447 xpm
2976 3371 3043 3431 et

2301 3516 2397 3582 ita
2437 3517 2685 3583 intrare
2729 3517 2793 3583 in
2842 3519 3009 3603 glori

2299 3690 2405 3735 am
2449 3682 2568 3736 sua
2609 3678 2676 3738 et
2719 3672 3045 3756 incipiens

2300 3844 2341 3887 a
2384 3843 2611 3908 moyse
2653 3832 2720 3891 et
2758 3826 2996 3893 omnib’

2301 3976 2638 4061 prophetis
2683 3978 2857 4044 inter

2303 4131 2700 4212 praetabatur
2746 4130 2877 4195 illis
2925 4131 2989 4195 in

2301 4283 2538 4349 omnib'
2582 4284 2923 4370 seripturis

2300 4455 2467 4516 quae
2512 4422 2711 4503 dese
2758 4439 2902 4523 ipso
2948 4445 3136 4502 erunt

2301 4594 2367 4652 et
2412 4588 2952 4675 adpropinquave

2303 4748 2451 4806 runt
2495 4745 2766 4811 castello
2812 4766 2937 4828 qvo
2983 4746 3003 4810 i

2302 4861 2460 4940 bant
2505 4887 2569 4943 et
2614 4879 2756 4965 ipse
