3634 5717
432 641 554 708 Fol
599 643 682 708 83

638 852 902 912 orantes
946 848 1171 931 petitis
1216 869 1325 915 ere

612 965 775 1063 'dite
820 998 976 1082 quia
1018 1000 1360 1085 accipietis

465 1150 548 1214 25
636 1156 703 1216 et
744 1150 967 1218 ueniet
1011 1152 1199 1218 uobis
1245 1153 1327 1218 Et

434 1235 609 1279 mrlffi

437 1287 601 1380 mt⁶45-
640 1322 784 1367 eum
822 1303 1081 1370 stabitis
1125 1306 1210 1370 ad
1256 1326 1372 1373 ora

638 1453 817 1519 tione
864 1454 1175 1522 dimittite
1219 1456 1276 1522 si
1322 1478 1405 1540 qu

639 1605 707 1670 id
754 1605 1008 1672 habetis
1053 1607 1368 1674 aduersvs

639 1716 857 1840 alique
904 1766 973 1824 ut
1017 1766 1083 1825 et
1129 1767 1315 1844 pater
1355 1780 1469 1826 ues

637 1915 738 1974 ter
782 1909 891 1992 qui
935 1910 1000 1974 in
1048 1912 1226 1977 eaelis
1271 1920 1373 1979 est

640 2059 925 2127 dimittet
966 2061 1153 2128 nobis
1202 2062 1375 2128 delio

465 2202 550 2265 26
638 2215 708 2277 ta
750 2219 971 2279 uestra
1014 2213 1186 2296 quod
1231 2215 1288 2280 si

638 2372 756 2428 nos
800 2383 928 2428 non
976 2364 1358 2432 dimiseritis

639 2535 761 2624 nee
806 2523 992 2600 pater
1036 2525 1253 2585 uester
1336 2558 1341 2563 -

640 2667 748 2751 qui
795 2668 859 2733 in
907 2670 1085 2735 eaelis
1131 2676 1231 2735 est
1274 2669 1465 2735 dimit

638 2828 733 2886 tet
776 2821 963 2886 nobis
1003 2828 1277 2905 peecata

638 2979 860 3039 nestra

465 3124 546 3187 27
637 3124 719 3188 Et
764 3123 947 3189 uenit
990 3122 1159 3189 itern
1199 3123 1309 3189 hie

436 3207 578 3252 13136

439 3260 609 3353 ¹¹¹¹2¹²⁷
643 3274 975 3359 rosolyma
1018 3281 1085 3339 et
1129 3286 1209 3340 οὐ
1255 3275 1338 3341 de

439 3366 505 3404 mt
533 3362 607 3404 194

438 3412 481 3455 ¹⁰
509 3413 586 3455 ²¹⁰
639 3426 1003 3492 ambularet
1047 3426 1114 3490 in
1166 3426 1346 3511 teplo

639 3583 1056 3644 accesserunt
1099 3576 1183 3644 ad

641 3738 722 3794 en
770 3728 1100 3812 principes
1140 3748 1326 3794 sacer

644 3879 802 3945 dotfl
844 3888 909 3946 et
952 3880 1207 3946 seribae
1247 3887 1313 3945 et

468 4037 551 4101 28
641 4035 934 4102 seniores
980 4040 1045 4099 et
1085 4033 1153 4098 di

645 4195 797 4253 eunt
842 4187 1013 4254 ei·in
1061 4141 1190 4267 dua
1235 4191 1421 4268 potes

640 4348 777 4408 tate
820 4341 962 4406 haee
1006 4341 1169 4407 facis
1215 4347 1283 4419 et

642 4493 786 4575 quis
832 4491 1016 4557 dedit
1061 4491 1177 4557 tibi
1224 4491 1395 4556 hane

811 4649 1133 4726 potestate

1559 648 1874 715 Mrcll

1782 851 1867 917 29
1956 850 2059 916 ihs
2104 857 2255 917 aute
2297 849 2624 935 responde

1959 1022 2037 1067 ns
2084 1003 2178 1068 ait
2221 1002 2375 1068 illis.
2421 1002 2666 1068 interro

1959 1174 2046 1238 go
2089 1174 2208 1219 nos
2254 1142 2321 1220 et
2365 1174 2489 1238 ego
2534 1173 2730 1218 nnvm

1958 1317 2257 1389 sermone
2303 1325 2539 1390 respon

1960 1457 2097 1523 dite
2142 1456 2301 1522 mihi
2349 1463 2414 1521 et
2458 1457 2607 1522 diea

1959 1608 2147 1675 uobis
2190 1609 2258 1673 in
2306 1628 2436 1691 qua
2480 1613 2741 1691 potesta

1780 1763 1867 1827 30
1952 1768 2017 1825 te
2064 1759 2203 1825 haee
2249 1761 2421 1826 faeio
2469 1759 2688 1844 baptis

1960 1933 2132 1977 mum
2177 1912 2484 1977 iohannis
2529 1911 2613 1976 de

1960 2062 2120 2128 eaelo
2159 2068 2302 2129 erat
2346 2084 2430 2129 an
2477 2084 2558 2129 ex
2603 2062 2853 2127 homini

1783 2221 1862 2285 31
1959 2213 2016 2280 b'
2061 2212 2441 2297 respondite
2486 2213 2649 2279 mihi
2694 2221 2763 2279 at

1957 2363 2056 2428 illi
2101 2364 2484 2448 eogitabant
2528 2366 2697 2430 inter

1958 2537 2030 2583 se
2075 2517 2369 2583 dieentes
2414 2518 2469 2583 si
2516 2516 2671 2582 dixe

1958 2670 2160 2735 rimus
2206 2669 2289 2734 de
2333 2669 2493 2734 eaelo
2534 2667 2709 2733 dicet

1959 2821 2147 2887 nobis
2193 2840 2393 2904 quare
2440 2842 2510 2887 er

1957 2993 2044 3057 go
2090 2994 2219 3039 non
2258 2971 2632 3041 credidistis

1791 3129 1876 3191 32
1964 3124 2026 3190 ei
2072 3124 2125 3189 si
2174 3123 2532 3189 dixerimus
2579 3143 2659 3189 ex

1963 3276 2271 3341 hominib'
2316 3275 2616 3340 timemvs

1960 3426 2152 3510 plebe
2198 3445 2423 3492 omnes
2468 3437 2576 3491 eni

1961 3577 2257 3642 sciebant
2302 3576 2586 3642 iohanne

1962 3729 2118 3812 quia
2161 3748 2314 3794 uere
2358 3728 2612 3812 prophe

1788 3875 1872 3941 33
1958 3886 2030 3947 ta
2072 3888 2247 3948 esset
2291 3886 2357 3946 et
2397 3898 2636 3963 respon

1963 4034 2192 4100 dentes
2237 4033 2543 4099 dixerunt

1963 4186 2049 4253 ad
2093 4187 2226 4251 ihm
2273 4187 2598 4252 nescimus

1959 4338 2365 4422 respondens
2412 4338 2515 4402 ihs

1962 4489 2057 4554 ait
2101 4489 2418 4570 illis·neq'
2464 4509 2591 4572 ego

1961 4640 2108 4705 dieo
2153 4640 2338 4705 uobis
2383 4640 2450 4703 in
2496 4659 2625 4721 qua

2576 4791 2668 4843 ΙΙ*

2850 651 2971 718 163
