3634 5717
395 609 513 676 Fol
564 611 686 678 188
1496 611 1613 679 Ioh
1660 612 1712 679 O
1755 613 1843 679 20

598 810 712 880 ubi
757 821 1115 899 posuerunt
1158 824 1242 883 οὐ

468 967 511 1032 3
600 965 765 1033 exiit
806 985 966 1051 ergo
1007 973 1232 1053 petrus

598 1124 667 1187 et
709 1118 824 1186 ille
868 1119 1039 1187 alius
1083 1118 1344 1206 disoipv

600 1273 701 1339 lus
743 1278 811 1339 et
852 1280 1173 1340 uenerunt
1539 1247 1556 1260 ’
1793 1276 1835 1340 8

602 1422 688 1490 ad
735 1432 1158 1492 monumento

469 1562 515 1626 4
599 1581 932 1644 currentes
977 1582 1128 1643 aute

600 1728 731 1796 duo
775 1728 970 1796 simul
1016 1727 1130 1798 ille
1173 1729 1264 1796 ali

602 1902 679 1949 us
722 1880 1084 1967 disoipulus
1122 1901 1201 1965 pr

604 2033 890 2102 aeourrit
932 2032 1126 2100 eitius
1794 2024 1838 2089 9

603 2193 791 2275 petro
837 2192 903 2253 et
946 2183 1131 2253 uenit

605 2339 787 2427 prior
831 2338 918 2405 ad
960 2358 1158 2406 monu

475 2487 518 2552 5
605 2499 893 2561 mentum
938 2497 1007 2557 et
1048 2510 1195 2557 eum

603 2668 675 2716 se
689 2620 1075 2714 inolioasset
1085 2649 1153 2710 et
1171 2640 1621 2728 prospexisset
1762 2640 1845 2704 10

604 2798 774 2867 vidit
814 2797 1036 2885 posita
1077 2795 1272 2863 lintia

606 2951 788 3019 mina
831 2970 962 3017 non
1008 2956 1227 3016 tamen
1721 2948 1871 3076 io12111

472 3100 513 3165 6
604 3103 857 3172 introiit
898 3101 1085 3170 uenit
1129 3122 1199 3168 er
1721 3081 1896 3230 ml&

605 3277 691 3341 go
736 3255 949 3322 simon
994 3260 1217 3340 petrus
1721 3198 1871 3282 ΨΜ

607 3425 888 3491 sequens
933 3406 1017 3471 eii
1066 3410 1133 3471 et

611 3556 882 3624 intrauit
925 3558 993 3623 in
1039 3575 1238 3622 monn

610 3716 897 3778 mentum
943 3715 1011 3776 et
1052 3707 1224 3775 uidit

608 3863 986 3932 lintiamina
1028 3861 1248 3947 posita
1765 3865 1845 3929 12

483 4014 519 4077 7
610 4022 679 4083 et
723 4014 1058 4083 sudarium
1104 4012 1276 4099 quod

611 4175 755 4236 erat
797 4188 995 4254 super
1038 4175 1236 4254 eaput

615 4319 754 4383 eius
799 4340 924 4384 non

1924 836 2071 883 oum
2113 815 2593 884 lintiaminibus

1921 967 2208 1054 positum
2252 969 2370 1037 sed
2416 989 2658 1057 separa

1922 1118 2040 1187 tim
2086 1120 2452 1189 inuolutum
2496 1123 2565 1189 in

1923 1293 2122 1342 unum
2165 1275 2378 1342 looum
2424 1283 2580 1344 tuno

1923 1445 2085 1512 ergo
2127 1425 2430 1495 introiuit
2470 1435 2539 1495 et
2582 1428 2698 1496 ille

1922 1577 2284 1665 disoipulus
2330 1578 2441 1664 qui
2488 1599 2656 1648 uene

1923 1738 2028 1806 rat
2069 1730 2251 1818 prior
2295 1731 2382 1799 'ad
2427 1752 2625 1799 monn

1924 1890 2212 1950 mentum
2258 1890 2326 1950 et
2368 1883 2538 1951 uidit
2579 1891 2648 1951 et

1926 2033 2209 2102 eredidit
2251 2034 2540 2103 nondum

1928 2187 2103 2253 enim
2148 2186 2403 2256 sciebat
2444 2187 2693 2273 seriptv

1927 2359 2037 2405 ras
2083 2339 2240 2423 quia
2278 2340 2626 2424 oportebat

1929 2509 2078 2559 eum
2123 2511 2169 2557 a
2208 2492 2479 2559 mortuis
2521 2512 2706 2561 resur

1930 2662 2089 2728 gere
2132 2644 2436 2711 abierunt
2477 2665 2638 2730 ergo

1929 2795 2162 2863 iterum
2209 2796 2296 2863 ad
2340 2803 2549 2865 semet
2591 2796 2662 2882 ip

1930 2967 2039 3014 sos
2083 2945 2393 3032 disoipuli
2435 2948 2648 3017 Maria

1931 3106 2149 3168 autem
2194 3101 2415 3169 stabat
2458 3099 2545 3169 ad
2589 3121 2695 3167 mo

1931 3243 2308 3319 numentum
2356 3253 2515 3320 foris
2560 3253 2671 3339 plo
2738 3269 2751 3275 ·

1927 3424 2083 3471 rans
2128 3403 2301 3470 dum·
2332 3424 2492 3489 ergo
2538 3404 2623 3471 fle

1928 3563 2031 3623 ret
2072 3555 2423 3623 inelinauit
2464 3577 2538 3623 se
2580 3563 2646 3625 et

1930 3708 2273 3795 prospexit
2315 3709 2385 3775 in
2430 3729 2627 3777 monn

1932 3867 2223 3929 mentum
2266 3867 2335 3928 et
2378 3859 2548 3927 uidit
2591 3859 2680 3926 dv

1932 4034 2006 4081 os
2051 4012 2327 4099 angelos
2372 4013 2440 4079 in
2482 4012 2656 4081 albis
2694 4033 2767 4080 se

1932 4167 2165 4236 dentes
2210 4188 2408 4235 unum
2453 4166 2541 4233 ad
2586 4186 2666 4233 oa

1930 4326 2050 4404 put
2095 4326 2163 4386 et
2203 4339 2403 4387 unum

2814 617 2943 686 375
