<?xml version="1.0" encoding="UTF-8"?>
<!DOCTYPE html PUBLIC "-//W3C//DTD XHTML 1.0 Transitional//EN"
    "http://www.w3.org/TR/xhtml1/DTD/xhtml1-transitional.dtd">
<html xmlns="http://www.w3.org/1999/xhtml" xml:lang="en" lang="en">
 <head>
  <title>
</title>
<meta http-equiv="Content-Type" content="text/html;charset=utf-8" />
  <meta name='ocr-system' content='tesseract 3.04.00' />
  <meta name='ocr-capabilities' content='ocr_page ocr_carea ocr_par ocr_line ocrx_word'/>
</head>
<body>
  <div class='ocr_page' id='page_1' title='image "./codexaureussive00belsgoog_0421.png"; bbox 0 0 3634 5717; ppageno 0'>
   <div class='ocr_carea' id='block_1_1' title="bbox 389 668 680 737">
    <p class='ocr_par' dir='ltr' id='par_1_1' title="bbox 389 668 680 737">
     <span class='ocr_line' id='line_1_1' title="bbox 389 668 680 737; baseline 0.01 -3"><span class='ocrx_word' id='word_1_1' title='bbox 389 668 510 736; x_wconf 86' lang='lat' dir='ltr'><strong>Fol</strong></span> <span class='ocrx_word' id='word_1_2' title='bbox 558 670 680 737; x_wconf 83' lang='lat'><strong>178</strong></span> 
     </span>
    </p>
   </div>
   <div class='ocr_carea' id='block_1_2' title="bbox 420 871 1408 1110">
    <p class='ocr_par' dir='ltr' id='par_1_2' title="bbox 420 871 1408 1110">
     <span class='ocr_line' id='line_1_2' title="bbox 593 871 1311 956; baseline -0.007 -16"><span class='ocrx_word' id='word_1_3' title='bbox 593 872 777 956; x_wconf 86' lang='lat' dir='ltr'><strong>sequi</strong></span> <span class='ocrx_word' id='word_1_4' title='bbox 821 871 1116 955; x_wconf 82' lang='lat' dir='ltr'><strong>sequeris</strong></span> <span class='ocrx_word' id='word_1_5' title='bbox 1160 877 1311 937; x_wconf 83' lang='lat' dir='ltr'><strong>aute</strong></span> 
     </span>
     <span class='ocr_line' id='line_1_3' title="bbox 420 1023 1408 1110; baseline -0.007 -17"><span class='ocrx_word' id='word_1_6' title='bbox 420 1029 502 1093; x_wconf 83' lang='lat'><strong>37</strong></span> <span class='ocrx_word' id='word_1_7' title='bbox 593 1032 827 1110; x_wconf 83' lang='lat' dir='ltr'><strong>postea</strong></span> <span class='ocrx_word' id='word_1_8' title='bbox 871 1025 1034 1091; x_wconf 85' lang='lat' dir='ltr'><strong>dieit</strong></span> <span class='ocrx_word' id='word_1_9' title='bbox 1077 1023 1138 1090; x_wconf 90' lang='lat' dir='ltr'><strong>ei</strong></span> <span class='ocrx_word' id='word_1_10' title='bbox 1187 1029 1408 1108; x_wconf 83' lang='lat' dir='ltr'><strong>petrus</strong></span> 
     </span>
    </p>
   </div>
   <div class='ocr_carea' id='block_1_3' title="bbox 593 1179 1333 1262">
    <p class='ocr_par' dir='ltr' id='par_1_3' title="bbox 593 1179 1333 1262">
     <span class='ocr_line' id='line_1_4' title="bbox 593 1179 1333 1262; baseline -0.004 -17"><span class='ocrx_word' id='word_1_11' title='bbox 593 1198 794 1262; x_wconf 81' lang='lat' dir='ltr'><strong>quare</strong></span> <span class='ocrx_word' id='word_1_12' title='bbox 837 1198 967 1245; x_wconf 86' lang='lat' dir='ltr'><strong>non</strong></span> <span class='ocrx_word' id='word_1_13' title='bbox 1015 1179 1216 1262; x_wconf 78' lang='lat' dir='ltr'><strong>possfi</strong></span> <span class='ocrx_word' id='word_1_14' title='bbox 1262 1195 1333 1242; x_wconf 88' lang='lat' dir='ltr'><strong>se</strong></span> 
     </span>
    </p>
   </div>
   <div class='ocr_carea' id='block_1_4' title="bbox 594 1328 1470 1415">
    <p class='ocr_par' dir='ltr' id='par_1_4' title="bbox 594 1328 1470 1415">
     <span class='ocr_line' id='line_1_5' title="bbox 594 1328 1470 1415; baseline -0.006 -19"><span class='ocrx_word' id='word_1_15' title='bbox 594 1332 703 1415; x_wconf 88' lang='lat' dir='ltr'><strong>qui</strong></span> <span class='ocrx_word' id='word_1_16' title='bbox 753 1339 818 1398; x_wconf 86' lang='lat' dir='ltr'><strong>te</strong></span> <span class='ocrx_word' id='word_1_17' title='bbox 863 1330 1057 1397; x_wconf 87' lang='lat' dir='ltr'>modo</span> <span class='ocrx_word' id='word_1_18' title='bbox 1101 1328 1323 1395; x_wconf 60' lang='lat' dir='ltr'><strong>anima</strong></span> <span class='ocrx_word' id='word_1_19' title='bbox 1366 1347 1470 1392; x_wconf 90' lang='lat' dir='ltr'><strong>me</strong></span> 
     </span>
    </p>
   </div>
   <div class='ocr_carea' id='block_1_5' title="bbox 426 1482 1501 1568">
    <p class='ocr_par' dir='ltr' id='par_1_5' title="bbox 426 1482 1501 1568">
     <span class='ocr_line' id='line_1_6' title="bbox 426 1482 1501 1568; baseline -0.006 -18"><span class='ocrx_word' id='word_1_20' title='bbox 426 1491 510 1559; x_wconf 82' lang='lat'><strong>38</strong></span> <span class='ocrx_word' id='word_1_21' title='bbox 597 1505 702 1549; x_wconf 83' lang='lat' dir='ltr'><strong>am</strong></span> <span class='ocrx_word' id='word_1_22' title='bbox 748 1502 867 1568; x_wconf 87' lang='lat' dir='ltr'><strong>pro</strong></span> <span class='ocrx_word' id='word_1_23' title='bbox 913 1491 977 1550; x_wconf 84' lang='lat' dir='ltr'><strong>te</strong></span> <span class='ocrx_word' id='word_1_24' title='bbox 1022 1494 1197 1568; x_wconf 65' lang='lat' dir='ltr'><strong>ponit</strong></span> <span class='ocrx_word' id='word_1_25' title='bbox 1239 1482 1501 1564; x_wconf 87' lang='lat' dir='ltr'><strong>Respon</strong></span> 
     </span>
    </p>
   </div>
   <div class='ocr_carea' id='block_1_6' title="bbox 589 1633 1427 1702">
    <p class='ocr_par' dir='ltr' id='par_1_6' title="bbox 589 1633 1427 1702">
     <span class='ocr_line' id='line_1_7' title="bbox 589 1633 1427 1702; baseline -0.004 -2"><span class='ocrx_word' id='word_1_26' title='bbox 589 1635 688 1701; x_wconf 86' lang='lat' dir='ltr'><strong>dit</strong></span> <span class='ocrx_word' id='word_1_27' title='bbox 730 1635 834 1701; x_wconf 77' lang='lat' dir='ltr'><strong>ihs</strong></span> <span class='ocrx_word' id='word_1_28' title='bbox 881 1644 947 1702; x_wconf 88' lang='lat' dir='ltr'><strong>et</strong></span> <span class='ocrx_word' id='word_1_29' title='bbox 990 1635 1161 1701; x_wconf 81' lang='lat' dir='ltr'><strong>dixit</strong></span> <span class='ocrx_word' id='word_1_30' title='bbox 1205 1633 1427 1700; x_wconf 54' lang='lat' dir='ltr'><strong>anim&amp;</strong></span> 
     </span>
    </p>
   </div>
   <div class='ocr_carea' id='block_1_7' title="bbox 588 1787 1489 1872">
    <p class='ocr_par' dir='ltr' id='par_1_7' title="bbox 588 1787 1489 1872">
     <span class='ocr_line' id='line_1_8' title="bbox 588 1787 1489 1872; baseline -0.004 -19"><span class='ocrx_word' id='word_1_31' title='bbox 588 1794 700 1853; x_wconf 63' lang='lat' dir='ltr'><strong>tue</strong></span> <span class='ocrx_word' id='word_1_32' title='bbox 742 1808 862 1872; x_wconf 85' lang='lat' dir='ltr'><strong>pro</strong></span> <span class='ocrx_word' id='word_1_33' title='bbox 909 1808 1013 1854; x_wconf 89' lang='lat' dir='ltr'><strong>me</strong></span> <span class='ocrx_word' id='word_1_34' title='bbox 1059 1787 1250 1872; x_wconf 87' lang='lat' dir='ltr'><strong>ponis</strong></span> <span class='ocrx_word' id='word_1_35' title='bbox 1297 1805 1489 1852; x_wconf 80' lang='lat' dir='ltr'><strong>amen</strong></span> 
     </span>
    </p>
   </div>
   <div class='ocr_carea' id='block_1_8' title="bbox 592 1939 1489 2006">
    <p class='ocr_par' dir='ltr' id='par_1_8' title="bbox 592 1939 1489 2006">
     <span class='ocr_line' id='line_1_9' title="bbox 592 1939 1489 2006; baseline -0.001 -2"><span class='ocrx_word' id='word_1_36' title='bbox 592 1959 785 2005; x_wconf 80' lang='lat' dir='ltr'><strong>amen</strong></span> <span class='ocrx_word' id='word_1_37' title='bbox 829 1939 977 2005; x_wconf 84' lang='lat' dir='ltr'><strong>dieo</strong></span> <span class='ocrx_word' id='word_1_38' title='bbox 1023 1939 1145 2005; x_wconf 86' lang='lat' dir='ltr'><strong>tibi</strong></span> <span class='ocrx_word' id='word_1_39' title='bbox 1189 1959 1321 2006; x_wconf 86' lang='lat' dir='ltr'><strong>nou</strong></span> <span class='ocrx_word' id='word_1_40' title='bbox 1366 1958 1489 2004; x_wconf 78' lang='lat' dir='ltr'><strong>ean</strong></span> 
     </span>
    </p>
   </div>
   <div class='ocr_carea' id='block_1_9' title="bbox 387 2091 1393 2482">
    <p class='ocr_par' dir='ltr' id='par_1_9' title="bbox 387 2091 1393 2482">
     <span class='ocr_line' id='line_1_10' title="bbox 459 2091 1280 2177; baseline -0.007 -14"><span class='ocrx_word' id='word_1_41' title='bbox 459 2115 462 2120; x_wconf 58' lang='lat'><strong>⁴</strong></span> <span class='ocrx_word' id='word_1_42' title='bbox 592 2091 761 2159; x_wconf 78' lang='lat' dir='ltr'><strong>tabit</strong></span> <span class='ocrx_word' id='word_1_43' title='bbox 805 2092 1022 2177; x_wconf 79' lang='lat' dir='ltr'><strong>gallus</strong></span> <span class='ocrx_word' id='word_1_44' title='bbox 1068 2092 1280 2159; x_wconf 86' lang='lat' dir='ltr'><strong>donee</strong></span> 
     </span>
     <span class='ocr_line' id='line_1_11' title="bbox 387 2244 1383 2345; baseline -0.009 -29"><span class='ocrx_word' id='word_1_45' title='bbox 387 2248 438 2345; x_wconf 66' lang='lat' dir='ltr'><strong>Q</strong></span> <span class='ocrx_word' id='word_1_46' title='bbox 467 2249 546 2314; x_wconf 88' lang='lat'><strong>14</strong></span> <span class='ocrx_word' id='word_1_47' title='bbox 592 2265 695 2311; x_wconf 91' lang='lat' dir='ltr'><strong>me</strong></span> <span class='ocrx_word' id='word_1_48' title='bbox 741 2251 840 2310; x_wconf 84' lang='lat' dir='ltr'><strong>ter</strong></span> <span class='ocrx_word' id='word_1_49' title='bbox 878 2244 1300 2337; x_wconf 81' lang='lat' dir='ltr'><strong>abnegesEt</strong></span> <span class='ocrx_word' id='word_1_50' title='bbox 1341 2264 1383 2308; x_wconf 82' lang='lat' dir='ltr'><strong>a</strong></span> 
     </span>
     <span class='ocr_line' id='line_1_12' title="bbox 387 2333 1393 2482; baseline -0.008 -14"><span class='ocrx_word' id='word_1_51' title='bbox 387 2333 534 2481; x_wconf 45' lang='grc' dir='ltr'><strong>,οξὲῗ</strong></span> <span class='ocrx_word' id='word_1_52' title='bbox 591 2398 645 2463; x_wconf 87' lang='lat' dir='ltr'><strong>it</strong></span> <span class='ocrx_word' id='word_1_53' title='bbox 689 2397 1032 2482; x_wconf 76' lang='lat' dir='ltr'><strong>discipulis</strong></span> <span class='ocrx_word' id='word_1_54' title='bbox 1079 2397 1216 2462; x_wconf 88' lang='lat' dir='ltr'><strong>suis</strong></span> <span class='ocrx_word' id='word_1_55' title='bbox 1263 2415 1393 2461; x_wconf 85' lang='lat' dir='ltr'><strong>non</strong></span> 
     </span>
    </p>
   </div>
   <div class='ocr_carea' id='block_1_10' title="bbox 591 2550 1302 2617">
    <p class='ocr_par' dir='ltr' id='par_1_10' title="bbox 591 2550 1302 2617">
     <span class='ocr_line' id='line_1_13' title="bbox 591 2550 1302 2617; baseline -0.003 -2"><span class='ocrx_word' id='word_1_56' title='bbox 591 2550 884 2617; x_wconf 84' lang='lat' dir='ltr'>turbetur</span> <span class='ocrx_word' id='word_1_57' title='bbox 924 2571 1035 2617; x_wconf 83' lang='lat' dir='ltr'><strong>eor</strong></span> <span class='ocrx_word' id='word_1_58' title='bbox 1079 2550 1302 2616; x_wconf 80' lang='lat' dir='ltr'><strong>uestrfi</strong></span> 
     </span>
    </p>
   </div>
   <div class='ocr_carea' id='block_1_11' title="bbox 593 2701 1478 2770">
    <p class='ocr_par' dir='ltr' id='par_1_11' title="bbox 593 2701 1478 2770">
     <span class='ocr_line' id='line_1_14' title="bbox 593 2701 1478 2770; baseline -0.006 -1"><span class='ocrx_word' id='word_1_59' title='bbox 593 2703 841 2770; x_wconf 77' lang='lat' dir='ltr'><strong>credite</strong></span> <span class='ocrx_word' id='word_1_60' title='bbox 880 2703 946 2768; x_wconf 89' lang='lat' dir='ltr'><strong>in</strong></span> <span class='ocrx_word' id='word_1_61' title='bbox 995 2702 1104 2768; x_wconf 76' lang='lat' dir='ltr'><strong>dm</strong></span> <span class='ocrx_word' id='word_1_62' title='bbox 1151 2709 1218 2768; x_wconf 86' lang='lat' dir='ltr'><strong>et</strong></span> <span class='ocrx_word' id='word_1_63' title='bbox 1261 2701 1329 2767; x_wconf 86' lang='lat' dir='ltr'><strong>in</strong></span> <span class='ocrx_word' id='word_1_64' title='bbox 1375 2720 1478 2765; x_wconf 88' lang='lat' dir='ltr'><strong>me</strong></span> 
     </span>
    </p>
   </div>
   <div class='ocr_carea' id='block_1_12' title="bbox 459 2856 1438 4900">
    <p class='ocr_par' dir='ltr' id='par_1_12' title="bbox 466 2856 1391 3548">
     <span class='ocr_line' id='line_1_15' title="bbox 466 2856 1330 2938; baseline -0.01 -9"><span class='ocrx_word' id='word_1_65' title='bbox 466 2864 506 2929; x_wconf 81' lang='lat'>2</span> <span class='ocrx_word' id='word_1_66' title='bbox 594 2857 842 2923; x_wconf 87' lang='lat' dir='ltr'><strong>eredite</strong></span> <span class='ocrx_word' id='word_1_67' title='bbox 884 2857 952 2922; x_wconf 87' lang='lat' dir='ltr'><strong>in</strong></span> <span class='ocrx_word' id='word_1_68' title='bbox 1000 2856 1194 2923; x_wconf 86' lang='lat' dir='ltr'>domo</span> <span class='ocrx_word' id='word_1_69' title='bbox 1240 2874 1330 2938; x_wconf 79' lang='lat' dir='ltr'><strong>pa</strong></span> 
     </span>
     <span class='ocr_line' id='line_1_16' title="bbox 596 3007 1311 3076; baseline 0 -3"><span class='ocrx_word' id='word_1_70' title='bbox 596 3009 714 3073; x_wconf 87' lang='lat' dir='ltr'><strong>tris</strong></span> <span class='ocrx_word' id='word_1_71' title='bbox 758 3008 890 3076; x_wconf 89' lang='lat' dir='ltr'><strong>mei</strong></span> <span class='ocrx_word' id='word_1_72' title='bbox 933 3007 1311 3074; x_wconf 79' lang='lat' dir='ltr'><strong>mansiones</strong></span> 
     </span>
     <span class='ocr_line' id='line_1_17' title="bbox 596 3159 1304 3243; baseline 0.001 -18"><span class='ocrx_word' id='word_1_73' title='bbox 596 3159 839 3227; x_wconf 79' lang='lat' dir='ltr'><strong>multae</strong></span> <span class='ocrx_word' id='word_1_74' title='bbox 884 3168 1036 3227; x_wconf 85' lang='lat' dir='ltr'><strong>sunt</strong></span> <span class='ocrx_word' id='word_1_75' title='bbox 1073 3160 1131 3226; x_wconf 90' lang='lat' dir='ltr'><strong>si</strong></span> <span class='ocrx_word' id='word_1_76' title='bbox 1177 3180 1304 3243; x_wconf 85' lang='lat' dir='ltr'><strong>quo</strong></span> 
     </span>
     <span class='ocr_line' id='line_1_18' title="bbox 598 3312 1341 3378; baseline -0.003 0"><span class='ocrx_word' id='word_1_77' title='bbox 598 3313 812 3378; x_wconf 87' lang='lat' dir='ltr'><strong>minus</strong></span> <span class='ocrx_word' id='word_1_78' title='bbox 858 3312 1107 3377; x_wconf 74' lang='lat' dir='ltr'><strong>dixisse</strong></span> <span class='ocrx_word' id='word_1_79' title='bbox 1153 3312 1341 3377; x_wconf 82' lang='lat' dir='ltr'><strong>uobis</strong></span> 
     </span>
     <span class='ocr_line' id='line_1_19' title="bbox 596 3463 1391 3548; baseline -0.003 -19"><span class='ocrx_word' id='word_1_80' title='bbox 596 3464 753 3546; x_wconf 83' lang='lat' dir='ltr'><strong>quia</strong></span> <span class='ocrx_word' id='word_1_81' title='bbox 794 3463 968 3529; x_wconf 76' lang='lat' dir='ltr'>uado</span> <span class='ocrx_word' id='word_1_82' title='bbox 1012 3482 1249 3548; x_wconf 81' lang='lat' dir='ltr'><strong>parare</strong></span> <span class='ocrx_word' id='word_1_83' title='bbox 1293 3463 1391 3527; x_wconf 78' lang='lat' dir='ltr'><strong>«lo</strong></span> 
     </span>
    </p>

    <p class='ocr_par' dir='ltr' id='par_1_13' title="bbox 459 3613 1438 4311">
     <span class='ocr_line' id='line_1_20' title="bbox 459 3613 1438 3681; baseline 0.001 -3"><span class='ocrx_word' id='word_1_84' title='bbox 459 3614 501 3678; x_wconf 82' lang='lat'><strong>3</strong></span> <span class='ocrx_word' id='word_1_85' title='bbox 588 3616 668 3679; x_wconf 79' lang='lat' dir='ltr'><strong>eti</strong></span> <span class='ocrx_word' id='word_1_86' title='bbox 715 3614 958 3680; x_wconf 83' lang='lat' dir='ltr'><strong>«nobis.</strong></span> <span class='ocrx_word' id='word_1_87' title='bbox 1004 3621 1070 3680; x_wconf 87' lang='lat' dir='ltr'><strong>et</strong></span> <span class='ocrx_word' id='word_1_88' title='bbox 1111 3616 1167 3679; x_wconf 93' lang='lat' dir='ltr'><strong>si</strong></span> <span class='ocrx_word' id='word_1_89' title='bbox 1213 3613 1438 3681; x_wconf 80' lang='lat' dir='ltr'><strong>abiero</strong></span> 
     </span>
     <span class='ocr_line' id='line_1_21' title="bbox 593 3767 1260 3853; baseline -0.004 -19"><span class='ocrx_word' id='word_1_90' title='bbox 593 3775 659 3834; x_wconf 86' lang='lat' dir='ltr'><strong>et</strong></span> <span class='ocrx_word' id='word_1_91' title='bbox 702 3788 1025 3853; x_wconf 68' lang='lat' dir='ltr'><strong>paraneto</strong></span> <span class='ocrx_word' id='word_1_92' title='bbox 1068 3767 1260 3832; x_wconf 88' lang='lat' dir='ltr'><strong>uobis</strong></span> 
     </span>
     <span class='ocr_line' id='line_1_22' title="bbox 591 3920 1382 4009; baseline -0.004 -23"><span class='ocrx_word' id='word_1_93' title='bbox 591 3921 739 3987; x_wconf 80' lang='lat' dir='ltr'><strong>loefi</strong></span> <span class='ocrx_word' id='word_1_94' title='bbox 787 3921 957 3987; x_wconf 77' lang='lat' dir='ltr'><strong>iterfi</strong></span> <span class='ocrx_word' id='word_1_95' title='bbox 1004 3920 1200 3987; x_wconf 86' lang='lat' dir='ltr'><strong>uenio</strong></span> <span class='ocrx_word' id='word_1_96' title='bbox 1246 3925 1313 3984; x_wconf 85' lang='lat' dir='ltr'><strong>et</strong></span> <span class='ocrx_word' id='word_1_97' title='bbox 1378 4006 1382 4009; x_wconf 67' lang='lat'>‚</span> 
     </span>
     <span class='ocr_line' id='line_1_23' title="bbox 595 4072 1326 4141; baseline -0.004 0"><span class='ocrx_word' id='word_1_98' title='bbox 595 4074 885 4141; x_wconf 84' lang='lat' dir='ltr'><strong>aeeersio</strong></span> <span class='ocrx_word' id='word_1_99' title='bbox 929 4091 1046 4139; x_wconf 88' lang='lat' dir='ltr'><strong>uos</strong></span> <span class='ocrx_word' id='word_1_100' title='bbox 1090 4072 1178 4138; x_wconf 83' lang='lat' dir='ltr'><strong>ad</strong></span> <span class='ocrx_word' id='word_1_101' title='bbox 1223 4093 1326 4138; x_wconf 91' lang='lat' dir='ltr'><strong>me</strong></span> 
     </span>
     <span class='ocr_line' id='line_1_24' title="bbox 596 4225 1421 4311; baseline -0.001 -20"><span class='ocrx_word' id='word_1_102' title='bbox 596 4227 745 4311; x_wconf 82' lang='lat' dir='ltr'><strong>ipsfi</strong></span> <span class='ocrx_word' id='word_1_103' title='bbox 792 4234 862 4292; x_wconf 89' lang='lat' dir='ltr'><strong>ut</strong></span> <span class='ocrx_word' id='word_1_104' title='bbox 905 4225 1017 4291; x_wconf 87' lang='lat' dir='ltr'><strong>ubi</strong></span> <span class='ocrx_word' id='word_1_105' title='bbox 1062 4245 1186 4310; x_wconf 85' lang='lat' dir='ltr'><strong>ego</strong></span> <span class='ocrx_word' id='word_1_106' title='bbox 1233 4236 1311 4292; x_wconf 71' lang='lat' dir='ltr'><strong>ssi</strong></span> <span class='ocrx_word' id='word_1_107' title='bbox 1355 4232 1421 4292; x_wconf 85' lang='lat' dir='ltr'><strong>et</strong></span> 
     </span>
    </p>

    <p class='ocr_par' dir='ltr' id='par_1_14' title="bbox 465 4376 1402 4460">
     <span class='ocr_line' id='line_1_25' title="bbox 465 4376 1402 4460; baseline -0.003 -15"><span class='ocrx_word' id='word_1_108' title='bbox 465 4382 507 4445; x_wconf 90' lang='lat'>4</span> <span class='ocrx_word' id='word_1_109' title='bbox 597 4397 713 4443; x_wconf 86' lang='lat' dir='ltr'><strong>uos</strong></span> <span class='ocrx_word' id='word_1_110' title='bbox 757 4377 905 4442; x_wconf 81' lang='lat' dir='ltr'><strong>sitis</strong></span> <span class='ocrx_word' id='word_1_111' title='bbox 951 4383 1017 4443; x_wconf 87' lang='lat' dir='ltr'><strong>et</strong></span> <span class='ocrx_word' id='word_1_112' title='bbox 1058 4397 1184 4460; x_wconf 86' lang='lat' dir='ltr'><strong>quo</strong></span> <span class='ocrx_word' id='word_1_113' title='bbox 1230 4376 1402 4443; x_wconf 81' lang='lat' dir='ltr'><strong>uado</strong></span> 
     </span>
    </p>

    <p class='ocr_par' dir='ltr' id='par_1_15' title="bbox 464 4527 1430 4900">
     <span class='ocr_line' id='line_1_26' title="bbox 464 4527 1384 4598; baseline -0.005 0"><span class='ocrx_word' id='word_1_114' title='bbox 464 4534 506 4598; x_wconf 85' lang='lat'>5</span> <span class='ocrx_word' id='word_1_115' title='bbox 595 4528 779 4594; x_wconf 87' lang='lat' dir='ltr'><strong>seitis</strong></span> <span class='ocrx_word' id='word_1_116' title='bbox 826 4535 891 4593; x_wconf 86' lang='lat' dir='ltr'><strong>et</strong></span> <span class='ocrx_word' id='word_1_117' title='bbox 934 4528 1045 4593; x_wconf 63' lang='lat' dir='ltr'><strong>uie</strong></span> <span class='ocrx_word' id='word_1_118' title='bbox 1088 4527 1271 4594; x_wconf 85' lang='lat' dir='ltr'><strong>seitis</strong></span> <span class='ocrx_word' id='word_1_119' title='bbox 1315 4528 1384 4593; x_wconf 82' lang='lat' dir='ltr'><strong>di</strong></span> 
     </span>
     <span class='ocr_line' id='line_1_27' title="bbox 596 4680 1430 4747; baseline -0.002 0"><span class='ocrx_word' id='word_1_120' title='bbox 596 4680 687 4747; x_wconf 87' lang='lat' dir='ltr'><strong>eit</strong></span> <span class='ocrx_word' id='word_1_121' title='bbox 730 4681 790 4747; x_wconf 92' lang='lat' dir='ltr'><strong>ei</strong></span> <span class='ocrx_word' id='word_1_122' title='bbox 833 4680 1093 4747; x_wconf 83' lang='lat' dir='ltr'><strong>thomas</strong></span> <span class='ocrx_word' id='word_1_123' title='bbox 1139 4680 1269 4746; x_wconf 77' lang='lat' dir='ltr'><strong>dfie</strong></span> <span class='ocrx_word' id='word_1_124' title='bbox 1313 4700 1430 4747; x_wconf 87' lang='lat' dir='ltr'><strong>nes</strong></span> 
     </span>
     <span class='ocr_line' id='line_1_28' title="bbox 595 4815 1206 4900; baseline -0.003 -17"><span class='ocrx_word' id='word_1_125' title='bbox 595 4817 803 4883; x_wconf 88' lang='lat' dir='ltr'><strong>eimus</strong></span> <span class='ocrx_word' id='word_1_126' title='bbox 848 4837 975 4900; x_wconf 87' lang='lat' dir='ltr'><strong>quo</strong></span> <span class='ocrx_word' id='word_1_127' title='bbox 1015 4815 1206 4884; x_wconf 80' lang='lat' dir='ltr'><strong>uadis</strong></span> 
     </span>
    </p>
   </div>
   <div class='ocr_carea' id='block_1_13' title="bbox 1420 664 1906 732">
    <p class='ocr_par' dir='ltr' id='par_1_16' title="bbox 1420 664 1906 732">
     <span class='ocr_line' id='line_1_29' title="bbox 1420 664 1906 732; baseline -0.006 0"><span class='ocrx_word' id='word_1_128' title='bbox 1420 664 1540 732; x_wconf 87' lang='lat' dir='ltr'><strong>Ioh</strong></span> <span class='ocrx_word' id='word_1_129' title='bbox 1586 664 1638 730; x_wconf 85' lang='lat' dir='ltr'>O</span> <span class='ocrx_word' id='word_1_130' title='bbox 1686 665 1764 732; x_wconf 82' lang='lat'><strong>13</strong></span> <span class='ocrx_word' id='word_1_131' title='bbox 1819 665 1906 731; x_wconf 71' lang='lat'><strong>14&#39;</strong></span> 
     </span>
    </p>
   </div>
   <div class='ocr_carea' id='block_1_14' title="bbox 1745 3614 1826 3678">
    <p class='ocr_par' dir='ltr' id='par_1_17' title="bbox 1745 3614 1826 3678">
     <span class='ocr_line' id='line_1_30' title="bbox 1745 3614 1826 3678; baseline 0 0"><span class='ocrx_word' id='word_1_132' title='bbox 1745 3614 1826 3678; x_wconf 92' lang='grc'><strong>10</strong></span> 
     </span>
    </p>
   </div>
   <div class='ocr_carea' id='block_1_15' title="bbox 1746 4531 1818 4593">
    <p class='ocr_par' dir='ltr' id='par_1_18' title="bbox 1746 4531 1818 4593">
     <span class='ocr_line' id='line_1_31' title="bbox 1746 4531 1818 4593; baseline 0 0"><span class='ocrx_word' id='word_1_133' title='bbox 1746 4531 1818 4593; x_wconf 93' lang='grc'><strong>11</strong></span> 
     </span>
    </p>
   </div>
   <div class='ocr_carea' id='block_1_16' title="bbox 2807 665 2934 732">
    <p class='ocr_par' dir='ltr' id='par_1_19' title="bbox 2807 665 2934 732">
     <span class='ocr_line' id='line_1_32' title="bbox 2807 665 2934 732; baseline 0.008 -1"><span class='ocrx_word' id='word_1_134' title='bbox 2807 665 2934 732; x_wconf 80' lang='lat'><strong>355</strong></span> 
     </span>
    </p>
   </div>
   <div class='ocr_carea' id='block_1_17' title="bbox 1912 866 2896 4763">
    <p class='ocr_par' dir='ltr' id='par_1_20' title="bbox 1916 866 2594 953">
     <span class='ocr_line' id='line_1_33' title="bbox 1916 866 2594 953; baseline 0 -19"><span class='ocrx_word' id='word_1_135' title='bbox 1916 874 1983 934; x_wconf 87' lang='lat' dir='ltr'><strong>et</strong></span> <span class='ocrx_word' id='word_1_136' title='bbox 2023 866 2347 952; x_wconf 83' lang='lat' dir='ltr'>quomodo</span> <span class='ocrx_word' id='word_1_137' title='bbox 2395 886 2594 953; x_wconf 85' lang='lat' dir='ltr'><strong>possu</strong></span> 
     </span>
    </p>

    <p class='ocr_par' dir='ltr' id='par_1_21' title="bbox 1915 1010 2764 1394">
     <span class='ocr_line' id='line_1_34' title="bbox 1917 1010 2739 1089; baseline 0 -3"><span class='ocrx_word' id='word_1_138' title='bbox 1917 1010 2059 1087; x_wconf 86' lang='lat' dir='ltr'><strong>mus</strong></span> <span class='ocrx_word' id='word_1_139' title='bbox 2102 1021 2215 1087; x_wconf 60' lang='lat' dir='ltr'><strong>uie</strong></span> <span class='ocrx_word' id='word_1_140' title='bbox 2257 1022 2425 1089; x_wconf 86' lang='lat' dir='ltr'><strong>seire</strong></span> <span class='ocrx_word' id='word_1_141' title='bbox 2471 1020 2633 1087; x_wconf 85' lang='lat' dir='ltr'><strong>dieit</strong></span> <span class='ocrx_word' id='word_1_142' title='bbox 2675 1020 2739 1088; x_wconf 90' lang='lat' dir='ltr'><strong>ei</strong></span> 
     </span>
     <span class='ocr_line' id='line_1_35' title="bbox 1916 1174 2764 1258; baseline 0 -20"><span class='ocrx_word' id='word_1_143' title='bbox 1916 1174 2019 1238; x_wconf 78' lang='lat' dir='ltr'><strong>ihs</strong></span> <span class='ocrx_word' id='word_1_144' title='bbox 2065 1194 2191 1258; x_wconf 84' lang='lat' dir='ltr'><strong>ego</strong></span> <span class='ocrx_word' id='word_1_145' title='bbox 2235 1175 2313 1239; x_wconf 71' lang='grc' dir='ltr'><strong>εὖ</strong></span> <span class='ocrx_word' id='word_1_146' title='bbox 2357 1175 2473 1240; x_wconf 79' lang='lat' dir='ltr'><strong>uia</strong></span> <span class='ocrx_word' id='word_1_147' title='bbox 2515 1180 2581 1240; x_wconf 85' lang='lat' dir='ltr'><strong>et</strong></span> <span class='ocrx_word' id='word_1_148' title='bbox 2625 1174 2764 1240; x_wconf 87' lang='lat' dir='ltr'><strong>ueri</strong></span> 
     </span>
     <span class='ocr_line' id='line_1_36' title="bbox 1915 1327 2675 1394; baseline -0.001 -2"><span class='ocrx_word' id='word_1_149' title='bbox 1915 1335 2016 1393; x_wconf 84' lang='lat' dir='ltr'><strong>tas</strong></span> <span class='ocrx_word' id='word_1_150' title='bbox 2063 1335 2128 1394; x_wconf 87' lang='lat' dir='ltr'><strong>et</strong></span> <span class='ocrx_word' id='word_1_151' title='bbox 2172 1327 2312 1393; x_wconf 83' lang='lat' dir='ltr'><strong>uita</strong></span> <span class='ocrx_word' id='word_1_152' title='bbox 2354 1346 2546 1392; x_wconf 89' lang='lat' dir='ltr'><strong>nemo</strong></span> <span class='ocrx_word' id='word_1_153' title='bbox 2594 1346 2675 1392; x_wconf 91' lang='lat' dir='ltr'><strong>ue</strong></span> 
     </span>
    </p>

    <p class='ocr_par' dir='ltr' id='par_1_22' title="bbox 1916 1478 2712 1716">
     <span class='ocr_line' id='line_1_37' title="bbox 1916 1478 2712 1564; baseline -0.004 -19"><span class='ocrx_word' id='word_1_154' title='bbox 1916 1480 2015 1545; x_wconf 87' lang='lat' dir='ltr'><strong>nit</strong></span> <span class='ocrx_word' id='word_1_155' title='bbox 2058 1478 2140 1545; x_wconf 81' lang='lat' dir='ltr'><strong>ad</strong></span> <span class='ocrx_word' id='word_1_156' title='bbox 2189 1487 2376 1564; x_wconf 82' lang='lat' dir='ltr'><strong>patre</strong></span> <span class='ocrx_word' id='word_1_157' title='bbox 2422 1478 2552 1545; x_wconf 89' lang='lat' dir='ltr'><strong>nisi</strong></span> <span class='ocrx_word' id='word_1_158' title='bbox 2595 1499 2712 1564; x_wconf 86' lang='lat' dir='ltr'><strong>per</strong></span> 
     </span>
     <span class='ocr_line' id='line_1_38' title="bbox 1917 1632 2647 1716; baseline -0.001 -19"><span class='ocrx_word' id='word_1_159' title='bbox 1917 1653 2021 1699; x_wconf 92' lang='lat' dir='ltr'><strong>me</strong></span> <span class='ocrx_word' id='word_1_160' title='bbox 2066 1633 2123 1697; x_wconf 88' lang='lat' dir='ltr'><strong>si</strong></span> <span class='ocrx_word' id='word_1_161' title='bbox 2168 1632 2647 1716; x_wconf 77' lang='lat' dir='ltr'><strong>cognouissetis</strong></span> 
     </span>
    </p>

    <p class='ocr_par' dir='ltr' id='par_1_23' title="bbox 1915 1791 2613 1870">
     <span class='ocr_line' id='line_1_39' title="bbox 1915 1791 2613 1870; baseline -0.001 -19"><span class='ocrx_word' id='word_1_162' title='bbox 1915 1807 2019 1853; x_wconf 90' lang='lat' dir='ltr'><strong>me</strong></span> <span class='ocrx_word' id='word_1_163' title='bbox 2058 1792 2124 1851; x_wconf 87' lang='lat' dir='ltr'><strong>et</strong></span> <span class='ocrx_word' id='word_1_164' title='bbox 2168 1791 2355 1870; x_wconf 76' lang='lat' dir='ltr'><strong>patre</strong></span> <span class='ocrx_word' id='word_1_165' title='bbox 2398 1805 2613 1851; x_wconf 87' lang='lat' dir='ltr'><strong>meum</strong></span> 
     </span>
    </p>

    <p class='ocr_par' dir='ltr' id='par_1_24' title="bbox 1914 1938 2598 2023">
     <span class='ocr_line' id='line_1_40' title="bbox 1914 1938 2598 2023; baseline 0 -19"><span class='ocrx_word' id='word_1_166' title='bbox 1914 1939 2071 2021; x_wconf 87' lang='lat' dir='ltr'><strong>utiq’</strong></span> <span class='ocrx_word' id='word_1_167' title='bbox 2116 1938 2598 2023; x_wconf 83' lang='lat' dir='ltr'><strong>eognouissetis</strong></span> 
     </span>
    </p>

    <p class='ocr_par' dir='ltr' id='par_1_25' title="bbox 1917 2091 2691 2158">
     <span class='ocr_line' id='line_1_41' title="bbox 1917 2091 2691 2158; baseline -0.003 -1"><span class='ocrx_word' id='word_1_168' title='bbox 1917 2098 1983 2157; x_wconf 86' lang='lat' dir='ltr'><strong>et</strong></span> <span class='ocrx_word' id='word_1_169' title='bbox 2028 2111 2070 2156; x_wconf 79' lang='lat' dir='ltr'><strong>a</strong></span> <span class='ocrx_word' id='word_1_170' title='bbox 2114 2091 2306 2157; x_wconf 82' lang='lat' dir='ltr'>modo</span> <span class='ocrx_word' id='word_1_171' title='bbox 2352 2093 2561 2158; x_wconf 85' lang='lat' dir='ltr'><strong>nostis</strong></span> <span class='ocrx_word' id='word_1_172' title='bbox 2606 2101 2691 2157; x_wconf 71' lang='grc' dir='ltr'><strong>οὐ</strong></span> 
     </span>
    </p>

    <p class='ocr_par' dir='ltr' id='par_1_26' title="bbox 1915 2241 2734 2481">
     <span class='ocr_line' id='line_1_42' title="bbox 1915 2241 2734 2310; baseline -0.006 0"><span class='ocrx_word' id='word_1_173' title='bbox 1915 2249 1982 2310; x_wconf 86' lang='lat' dir='ltr'><strong>et</strong></span> <span class='ocrx_word' id='word_1_174' title='bbox 2027 2242 2288 2309; x_wconf 83' lang='lat' dir='ltr'><strong>uidistis</strong></span> <span class='ocrx_word' id='word_1_175' title='bbox 2335 2253 2418 2310; x_wconf 76' lang='lat' dir='ltr'><strong>efl</strong></span> <span class='ocrx_word' id='word_1_176' title='bbox 2462 2241 2626 2307; x_wconf 79' lang='lat' dir='ltr'><strong>dioit</strong></span> <span class='ocrx_word' id='word_1_177' title='bbox 2671 2242 2734 2307; x_wconf 92' lang='lat' dir='ltr'><strong>ei</strong></span> 
     </span>
     <span class='ocr_line' id='line_1_43' title="bbox 1917 2395 2663 2481; baseline -0.003 -19"><span class='ocrx_word' id='word_1_178' title='bbox 1917 2395 2255 2481; x_wconf 87' lang='lat' dir='ltr'><strong>philippus</strong></span> <span class='ocrx_word' id='word_1_179' title='bbox 2301 2395 2432 2461; x_wconf 76' lang='lat' dir='ltr'><strong>dfie</strong></span> <span class='ocrx_word' id='word_1_180' title='bbox 2478 2402 2663 2461; x_wconf 85' lang='lat' dir='ltr'><strong>osten</strong></span> 
     </span>
    </p>

    <p class='ocr_par' dir='ltr' id='par_1_27' title="bbox 1916 2547 2752 2939">
     <span class='ocr_line' id='line_1_44' title="bbox 1918 2547 2733 2633; baseline -0.002 -19"><span class='ocrx_word' id='word_1_181' title='bbox 1918 2548 2001 2616; x_wconf 84' lang='lat' dir='ltr'><strong>de</strong></span> <span class='ocrx_word' id='word_1_182' title='bbox 2044 2548 2232 2615; x_wconf 87' lang='lat' dir='ltr'><strong>nobis</strong></span> <span class='ocrx_word' id='word_1_183' title='bbox 2278 2553 2466 2633; x_wconf 76' lang='lat' dir='ltr'><strong>patre</strong></span> <span class='ocrx_word' id='word_1_184' title='bbox 2511 2554 2578 2615; x_wconf 87' lang='lat' dir='ltr'><strong>et</strong></span> <span class='ocrx_word' id='word_1_185' title='bbox 2621 2547 2733 2613; x_wconf 85' lang='lat' dir='ltr'><strong>suf</strong></span> 
     </span>
     <span class='ocr_line' id='line_1_45' title="bbox 1918 2698 2752 2769; baseline -0.005 -2"><span class='ocrx_word' id='word_1_186' title='bbox 1918 2702 2056 2768; x_wconf 86' lang='lat' dir='ltr'><strong>fieit</strong></span> <span class='ocrx_word' id='word_1_187' title='bbox 2099 2702 2288 2769; x_wconf 86' lang='lat' dir='ltr'><strong>nobis</strong></span> <span class='ocrx_word' id='word_1_188' title='bbox 2334 2700 2497 2766; x_wconf 74' lang='lat' dir='ltr'><strong>dicit</strong></span> <span class='ocrx_word' id='word_1_189' title='bbox 2541 2698 2605 2766; x_wconf 93' lang='lat' dir='ltr'><strong>ei</strong></span> <span class='ocrx_word' id='word_1_190' title='bbox 2649 2698 2752 2765; x_wconf 76' lang='lat' dir='ltr'><strong>ihs</strong></span> 
     </span>
     <span class='ocr_line' id='line_1_46' title="bbox 1916 2855 2690 2939; baseline -0.004 -19"><span class='ocrx_word' id='word_1_191' title='bbox 1916 2861 2099 2922; x_wconf 80' lang='lat' dir='ltr'><strong>tanto</strong></span> <span class='ocrx_word' id='word_1_192' title='bbox 2144 2862 2375 2939; x_wconf 74' lang='lat' dir='ltr'><strong>tepore</strong></span> <span class='ocrx_word' id='word_1_193' title='bbox 2419 2855 2690 2921; x_wconf 75' lang='lat' dir='ltr'><strong>uobisefi</strong></span> 
     </span>
    </p>

    <p class='ocr_par' dir='ltr' id='par_1_28' title="bbox 1914 3003 2792 3529">
     <span class='ocr_line' id='line_1_47' title="bbox 1914 3003 2792 3088; baseline -0.006 -15"><span class='ocrx_word' id='word_1_194' title='bbox 1914 3009 1991 3073; x_wconf 69' lang='grc' dir='ltr'><strong>εἰ]</strong></span> <span class='ocrx_word' id='word_1_195' title='bbox 2039 3019 2107 3074; x_wconf 83' lang='lat' dir='ltr'><strong>et</strong></span> <span class='ocrx_word' id='word_1_196' title='bbox 2150 3029 2278 3074; x_wconf 87' lang='lat' dir='ltr'><strong>non</strong></span> <span class='ocrx_word' id='word_1_197' title='bbox 2327 3028 2431 3074; x_wconf 89' lang='lat' dir='ltr'><strong>me</strong></span> <span class='ocrx_word' id='word_1_198' title='bbox 2475 3003 2792 3088; x_wconf 77' lang='lat' dir='ltr'><strong>cognouis</strong></span> 
     </span>
     <span class='ocr_line' id='line_1_48' title="bbox 1915 3157 2718 3245; baseline -0.004 -20"><span class='ocrx_word' id='word_1_199' title='bbox 1915 3161 2001 3225; x_wconf 85' lang='lat' dir='ltr'><strong>tis</strong></span> <span class='ocrx_word' id='word_1_200' title='bbox 2046 3160 2349 3245; x_wconf 88' lang='lat' dir='ltr'><strong>philippe</strong></span> <span class='ocrx_word' id='word_1_201' title='bbox 2393 3159 2500 3244; x_wconf 87' lang='lat' dir='ltr'><strong>qui</strong></span> <span class='ocrx_word' id='word_1_202' title='bbox 2549 3157 2718 3223; x_wconf 81' lang='lat' dir='ltr'><strong>uidit</strong></span> 
     </span>
     <span class='ocr_line' id='line_1_49' title="bbox 1918 3312 2749 3395; baseline -0.005 -17"><span class='ocrx_word' id='word_1_203' title='bbox 1918 3334 2020 3380; x_wconf 90' lang='lat' dir='ltr'><strong>me</strong></span> <span class='ocrx_word' id='word_1_204' title='bbox 2066 3312 2235 3378; x_wconf 82' lang='lat' dir='ltr'><strong>uidit</strong></span> <span class='ocrx_word' id='word_1_205' title='bbox 2279 3319 2346 3378; x_wconf 89' lang='lat' dir='ltr'><strong>et</strong></span> <span class='ocrx_word' id='word_1_206' title='bbox 2388 3317 2576 3395; x_wconf 77' lang='lat' dir='ltr'><strong>patre</strong></span> <span class='ocrx_word' id='word_1_207' title='bbox 2624 3330 2749 3393; x_wconf 83' lang='lat' dir='ltr'><strong>qno</strong></span> 
     </span>
     <span class='ocr_line' id='line_1_50' title="bbox 1921 3462 2665 3529; baseline -0.005 0"><span class='ocrx_word' id='word_1_208' title='bbox 1921 3462 2113 3529; x_wconf 87' lang='lat' dir='ltr'>modo</span> <span class='ocrx_word' id='word_1_209' title='bbox 2156 3470 2227 3528; x_wconf 86' lang='lat' dir='ltr'><strong>tu</strong></span> <span class='ocrx_word' id='word_1_210' title='bbox 2270 3462 2436 3528; x_wconf 86' lang='lat' dir='ltr'><strong>dieis</strong></span> <span class='ocrx_word' id='word_1_211' title='bbox 2480 3468 2665 3527; x_wconf 86' lang='lat' dir='ltr'><strong>osten</strong></span> 
     </span>
    </p>

    <p class='ocr_par' dir='ltr' id='par_1_29' title="bbox 1912 3614 2896 4763">
     <span class='ocr_line' id='line_1_51' title="bbox 1912 3614 2640 3699; baseline -0.004 -20"><span class='ocrx_word' id='word_1_212' title='bbox 1912 3614 1995 3680; x_wconf 82' lang='lat' dir='ltr'><strong>de</strong></span> <span class='ocrx_word' id='word_1_213' title='bbox 2039 3614 2230 3681; x_wconf 88' lang='lat' dir='ltr'><strong>nobis</strong></span> <span class='ocrx_word' id='word_1_214' title='bbox 2276 3619 2463 3699; x_wconf 74' lang='lat' dir='ltr'><strong>patre</strong></span> <span class='ocrx_word' id='word_1_215' title='bbox 2510 3632 2640 3677; x_wconf 88' lang='lat' dir='ltr'><strong>non</strong></span> 
     </span>
     <span class='ocr_line' id='line_1_52' title="bbox 1914 3718 2844 3850; baseline -0.005 -18"><span class='ocrx_word' id='word_1_216' title='bbox 1914 3766 2129 3832; x_wconf 85' lang='lat' dir='ltr'><strong>eredis</strong></span> <span class='ocrx_word' id='word_1_217' title='bbox 2176 3766 2332 3850; x_wconf 79' lang='lat' dir='ltr'><strong>qnia</strong></span> <span class='ocrx_word' id='word_1_218' title='bbox 2375 3786 2501 3850; x_wconf 84' lang='lat' dir='ltr'><strong>ego</strong></span> <span class='ocrx_word' id='word_1_219' title='bbox 2548 3763 2615 3828; x_wconf 90' lang='lat' dir='ltr'><strong>in</strong></span> <span class='ocrx_word' id='word_1_220' title='bbox 2657 3718 2844 3848; x_wconf 64' lang='lat' dir='ltr'><strong>petre</strong></span> 
     </span>
     <span class='ocr_line' id='line_1_53' title="bbox 1915 3919 2774 4004; baseline -0.005 -19"><span class='ocrx_word' id='word_1_221' title='bbox 1915 3926 1981 3985; x_wconf 85' lang='lat' dir='ltr'><strong>et</strong></span> <span class='ocrx_word' id='word_1_222' title='bbox 2024 3926 2211 4004; x_wconf 76' lang='lat' dir='ltr'><strong>pater</strong></span> <span class='ocrx_word' id='word_1_223' title='bbox 2256 3919 2321 3984; x_wconf 87' lang='lat' dir='ltr'><strong>in</strong></span> <span class='ocrx_word' id='word_1_224' title='bbox 2363 3937 2469 3984; x_wconf 88' lang='lat' dir='ltr'><strong>me</strong></span> <span class='ocrx_word' id='word_1_225' title='bbox 2514 3922 2613 3983; x_wconf 85' lang='lat' dir='ltr'><strong>est</strong></span> <span class='ocrx_word' id='word_1_226' title='bbox 2659 3936 2774 3982; x_wconf 85' lang='lat' dir='ltr'><strong>uer</strong></span> 
     </span>
     <span class='ocr_line' id='line_1_54' title="bbox 1916 4072 2761 4156; baseline -0.006 -17"><span class='ocrx_word' id='word_1_227' title='bbox 1916 4073 2003 4138; x_wconf 79' lang='lat' dir='ltr'><strong>ba</strong></span> <span class='ocrx_word' id='word_1_228' title='bbox 2044 4092 2189 4155; x_wconf 81' lang='lat' dir='ltr'><strong>quae</strong></span> <span class='ocrx_word' id='word_1_229' title='bbox 2235 4092 2360 4156; x_wconf 84' lang='lat' dir='ltr'><strong>ego</strong></span> <span class='ocrx_word' id='word_1_230' title='bbox 2405 4072 2634 4154; x_wconf 87' lang='lat' dir='ltr'><strong>loquor</strong></span> <span class='ocrx_word' id='word_1_231' title='bbox 2680 4089 2761 4135; x_wconf 85' lang='lat' dir='ltr'><strong>uo</strong></span> 
     </span>
     <span class='ocr_line' id='line_1_55' title="bbox 1918 4223 2896 4309; baseline -0.003 -19"><span class='ocrx_word' id='word_1_232' title='bbox 1918 4224 2018 4290; x_wconf 84' lang='lat' dir='ltr'><strong>bis</strong></span> <span class='ocrx_word' id='word_1_233' title='bbox 2064 4246 2106 4291; x_wconf 83' lang='lat' dir='ltr'><strong>a</strong></span> <span class='ocrx_word' id='word_1_234' title='bbox 2148 4246 2251 4291; x_wconf 88' lang='lat' dir='ltr'><strong>me</strong></span> <span class='ocrx_word' id='word_1_235' title='bbox 2297 4225 2441 4309; x_wconf 89' lang='lat' dir='ltr'><strong>ipso</strong></span> <span class='ocrx_word' id='word_1_236' title='bbox 2487 4245 2619 4290; x_wconf 89' lang='lat' dir='ltr'><strong>non</strong></span> <span class='ocrx_word' id='word_1_237' title='bbox 2664 4223 2896 4307; x_wconf 82' lang='lat' dir='ltr'><strong>loquor</strong></span> 
     </span>
     <span class='ocr_line' id='line_1_56' title="bbox 1918 4376 2844 4461; baseline -0.003 -20"><span class='ocrx_word' id='word_1_238' title='bbox 1918 4385 2107 4461; x_wconf 81' lang='lat' dir='ltr'><strong>pater</strong></span> <span class='ocrx_word' id='word_1_239' title='bbox 2153 4388 2261 4442; x_wconf 87' lang='lat' dir='ltr'><strong>eni</strong></span> <span class='ocrx_word' id='word_1_240' title='bbox 2308 4376 2372 4441; x_wconf 89' lang='lat' dir='ltr'><strong>in</strong></span> <span class='ocrx_word' id='word_1_241' title='bbox 2422 4396 2525 4441; x_wconf 92' lang='lat' dir='ltr'><strong>me</strong></span> <span class='ocrx_word' id='word_1_242' title='bbox 2572 4393 2844 4441; x_wconf 80' lang='lat' dir='ltr'><strong>manens</strong></span> 
     </span>
     <span class='ocr_line' id='line_1_57' title="bbox 1912 4528 2683 4612; baseline -0.003 -19"><span class='ocrx_word' id='word_1_243' title='bbox 1912 4528 2058 4612; x_wconf 90' lang='lat' dir='ltr'><strong>ipse</strong></span> <span class='ocrx_word' id='word_1_244' title='bbox 2104 4528 2264 4594; x_wconf 80' lang='lat' dir='ltr'><strong>facit</strong></span> <span class='ocrx_word' id='word_1_245' title='bbox 2306 4547 2511 4611; x_wconf 78' lang='lat' dir='ltr'><strong>opera</strong></span> <span class='ocrx_word' id='word_1_246' title='bbox 2554 4547 2683 4592; x_wconf 88' lang='lat' dir='ltr'><strong>non</strong></span> 
     </span>
     <span class='ocr_line' id='line_1_58' title="bbox 1919 4678 2665 4763; baseline -0.003 -18"><span class='ocrx_word' id='word_1_247' title='bbox 1919 4678 2187 4746; x_wconf 72' lang='lat' dir='ltr'><strong>creditis</strong></span> <span class='ocrx_word' id='word_1_248' title='bbox 2231 4678 2388 4763; x_wconf 80' lang='lat' dir='ltr'><strong>quia</strong></span> <span class='ocrx_word' id='word_1_249' title='bbox 2431 4698 2556 4763; x_wconf 83' lang='lat' dir='ltr'><strong>ego</strong></span> <span class='ocrx_word' id='word_1_250' title='bbox 2601 4679 2665 4743; x_wconf 88' lang='lat' dir='ltr'><strong>in</strong></span> 
     </span>
    </p>
   </div>
   <div class='ocr_carea' id='block_1_18' title="bbox 2319 4816 2627 4988">
    <p class='ocr_par' dir='ltr' id='par_1_30' title="bbox 2319 4816 2627 4988">
     <span class='ocr_line' id='line_1_59' title="bbox 2319 4816 2549 4898; baseline -0.004 -18"><span class='ocrx_word' id='word_1_251' title='bbox 2319 4816 2549 4898; x_wconf 77' lang='lat' dir='ltr'><strong>[patre]</strong></span> 
     </span>
     <span class='ocr_line' id='line_1_60' title="bbox 2518 4933 2627 4988; baseline 0 -23"><span class='ocrx_word' id='word_1_252' title='bbox 2518 4937 2587 4988; x_wconf 75' lang='lat'><strong>23</strong></span> <span class='ocrx_word' id='word_1_253' title='bbox 2596 4933 2627 4965; x_wconf 59' lang='grc' dir='ltr'><em>Ο</em></span> 
     </span>
    </p>
   </div>
  </div>
 </body>
</html>
