3634 5717
340 662 462 729 Fol
506 663 590 730 23

512 862 753 946 quadiu
798 883 943 928 eum
988 861 1120 926 illis
1167 865 1269 925 est

510 1034 794 1099 sponsus
840 1012 1099 1079 uenien¹
1144 1032 1229 1078 au

510 1174 573 1230 te
620 1164 763 1232 dies
810 1176 890 1232 οὐ
936 1164 1161 1231 aufere

508 1325 613 1383 tur
657 1316 741 1382 ab
786 1316 884 1383 eis
928 1336 1208 1401 sponsus

510 1475 577 1535 et
617 1475 771 1535 tune
814 1468 1199 1535 ieiunabunt

346 1623 422 1687 16
508 1642 702 1687 nemo
748 1626 897 1686 aute
943 1619 1136 1684 inmit

510 1772 591 1836 tit
634 1771 958 1838 ebmisurit
1000 1773 1197 1855 pann¹

510 1923 689 1989 rudis
735 1924 802 1989 in
847 1923 1167 1990 uestimen

506 2083 579 2140 tsi
624 2082 812 2141 uetus
858 2075 1031 2142 tollit
1076 2098 1159 2143 an

506 2234 570 2292 te
610 2227 1020 2311 plenitudine
1067 2229 1130 2296 ei

510 2400 583 2445 us
629 2401 671 2446 a
708 2380 1101 2447 uestimento

509 2539 575 2597 et
618 2533 808 2617 peior
844 2532 1131 2598 scissura

342 2685 418 2749 17
508 2684 582 2748 fit
625 2685 768 2767 neq'
814 2685 1081 2751 mittunt

507 2835 664 2901 ninii
712 2847 953 2902 nouom
992 2837 1058 2902 in
1102 2843 1277 2902 utres

505 2994 761 3055 ueteres
805 2976 1097 3072 ali'oquin

506 3148 823 3225 rsipuntur
866 3148 1039 3206 utres

506 3298 573 3357 et
616 3292 774 3357 uim‘i
823 3292 1186 3359 effundetur

503 3449 569 3509 et
612 3450 788 3533 ptres
834 3444 1139 3528 peribunt

494 3594 621 3661 sed
667 3595 825 3660 uim'1
870 3615 1108 3661 nouum
1148 3593 1201 3659 i¹¹

503 3755 677 3815 utres
722 3767 925 3813 nouos
971 3746 1236 3813 mittvnt

501 3906 566 3965 et
608 3900 787 3964 ⁸mbo
833 3903 1289 3964 conservantur

328 4054 466 4175 3¹8„
498 4051 657 4116 Haee
700 4051 818 4117 illo
862 4051 1175 4133 loquente

326 4190 393 4226 mt
416 4188 467 4226 ⁷5

375 4238 401 4276 ς
494 4202 580 4268 ad
626 4204 776 4270 illos
823 4223 975 4269 eece
1020 4202 1168 4286 prin

328 4299 397 4326 mr
423 4290 475 4328 ⁸9

324 4338 367 4377 ¹⁰
393 4339 445 4379 ⁸⁶
497 4376 652 4440 eeps
698 4375 864 4422 unus
911 4354 1189 4421 aeeessit

496 4513 564 4572 et
606 4506 928 4573 adorabat
972 4518 1056 4574 εὑ
1101 4507 1315 4572 dicens

498 4658 637 4722 filia
684 4680 830 4724 mea
869 4659 1060 4725 modo
1104 4658 1187 4724 de

1472 658 1744 726 MtC9

1674 1167 1750 1231 19

1586 1621 1746 1686 ‘20

1659 2380 1781 2495 21·

1657 2836 1741 2901 22

1653 3746 1737 3811 23

1651 4356 1737 4419 24

1839 861 2065 927 funeta
2109 868 2210 926 est
2249 859 2366 926 sed
2404 861 2557 927 ueni

1837 1013 2082 1098 inpone
2130 1033 2392 1079 manum
2438 1019 2550 1078 tue

1839 1184 2037 1249 super
2080 1176 2161 1231 ea
2205 1173 2271 1231 et
2315 1164 2497 1232 uiuet
2540 1170 2608 1230 et

1836 1335 2112 1398 surgens
2158 1316 2262 1381 ihs
2310 1317 2636 1400 seq'batur

1832 1488 1978 1533 eum
2025 1473 2091 1533 et
2134 1467 2442 1554 discipuli
2488 1469 2629 1536 eius

1832 1626 1899 1686 e't
1943 1640 2094 1686 eece
2137 1620 2370 1686 mulier
2414 1641 2582 1703 quae

1829 1771 2174 1855 sanguinis
2218 1772 2396 1837 fluxi]
2443 1771 2624 1856 patie

1835 1923 2025 1990 batur
2068 1924 2198 1989 XII
2242 1923 2434 1990 annis
2477 1935 2656 1990 aeesss

1832 2076 1919 2141 sit
1962 2082 2136 2142 retro
2179 2082 2247 2143 et
2289 2075 2511 2161 tetigit

1831 2226 2154 2294 fimbriam
2201 2228 2508 2294 uestime¹¹

1829 2378 1881 2443 ti
1921 2379 2061 2446 eius
2102 2379 2365 2446 dicebat
2407 2380 2583 2446 enim
2659 2435 2669 2445 .

1832 2531 2008 2598 intra
2051 2552 2124 2599 se
2169 2532 2227 2597 si
2272 2532 2552 2618 tetigero
2597 2539 2712 2599 tan

1829 2688 1896 2749 tv
1943 2685 2337 2752 uestimenta
2379 2685 2520 2752 eius

1827 2835 2019 2902 salua
2063 2857 2174 2903 ero
2218 2844 2288 2903 at
2332 2838 2436 2902 ihs

1829 3008 2181 3055 conuersus
2228 2995 2294 3056 et
2338 2990 2558 3056 uid⁰ns

1827 3160 1973 3206 eam
2017 3139 2187 3206 dixit
2229 3141 2486 3208 confide
2530 3141 2572 3206 fi

1825 3291 1921 3357 lia
1963 3292 2127 3359 fides
2173 3299 2287 3359 tua
2328 3301 2394 3359 te
2437 3293 2625 3359 salua

1825 3443 1983 3510 feeit
2022 3449 2088 3510 et
2130 3444 2320 3510 salua
2364 3445 2543 3510 faeta

1824 3601 1925 3660 est
1970 3595 2202 3661 mulier
2246 3615 2330 3663 ex
2372 3596 2492 3662 illa
2534 3596 2619 3661 ho

1826 3766 1902 3811 ra
1944 3753 2011 3812 et
2057 3756 2138 3812 οὐ
2182 3748 2476 3816 uenisset

1826 3899 1929 3964 ihs
1977 3898 2044 3964 in
2090 3899 2289 3966 domii
2335 3900 2654 3986 principis

1826 4057 1893 4116 et
1936 4051 2214 4118 uidisset
2256 4053 2580 4120 tubicines

1820 4211 1888 4270 et
1931 4205 2121 4269 turbe
2161 4207 2526 4272 tumultuari

1823 4362 1954 4421 tem
2000 4356 2265 4424 dicebat
2307 4358 2563 4425 reeeedi

1819 4514 1887 4573 te
1933 4529 2061 4573 non
2109 4515 2211 4575 est
2255 4517 2511 4579 mortua

1823 4660 2043 4742 puella
2086 4660 2201 4725 sed
2250 4661 2491 4727 dormit

2806 662 2889 729 41
