3634 5717
737 669 866 736 366

941 879 1124 941 trans
1165 842 1457 943 tori-epte

942 1026 1184 1094 cedron
1231 1029 1340 1096 ubi
1387 1036 1531 1095 erat
1575 1029 1695 1094 hor

941 1187 1046 1245 tus
1091 1179 1159 1246 in
1207 1193 1332 1266 qne
1378 1182 1579 1248 introi

945 1332 1040 1398 uit
1085 1333 1229 1419 ipse
1273 1342 1340 1402 et
1385 1333 1641 1419 discipv

813 1485 855 1550 2
942 1483 989 1551 li
1033 1489 1173 1552 eius
1221 1486 1490 1553 Sciebat
1534 1506 1615 1553 au

744 1570 789 1615 io
815 1570 895 1613 157

790 1622 858 1716 ‚¹⁴31
946 1645 1011 1704 te
1054 1647 1120 1706 et
1165 1639 1511 1723 iudas-qni
1560 1644 1663 1704 tra

944 1792 1146 1858 debat
1189 1800 1272 1857 οὐ
1316 1792 1468 1857 locfi
1514 1790 1673 1873 quia

946 1946 1319 2027 frequenter
1361 1943 1468 2009 ihs

944 2102 1346 2163 conuenerat
1391 2096 1549 2161 illuc

947 2251 1025 2315 cfi
1071 2248 1417 2334 discipulis
1461 2249 1599 2313 suis

814 2407 856 2537 Ξζ
945 2402 1135 2468 iudas
1180 2421 1340 2485 ergo
1388 2402 1468 2467 οὐ
1517 2421 1672 2467 acce

742 2494 788 2537 io
839 2494 891 2537 58

696 2626 702 2632 .
741 2544 911 2691 mt¹21101
945 2556 1158 2639 pisset
1202 2554 1470 2621 cohorte
1519 2560 1585 2621 et

739 2660 813 2691 mr
861 2648 913 2691 sl

739 2699 784 2742 ¹⁰
810 2698 888 2742 ²⁸⁵
949 2729 992 2774 a
1035 2706 1392 2793 pontificib'
1438 2715 1503 2773 et
1547 2727 1590 2772 a
1635 2703 1768 2790 pha

945 2859 1155 2926 risaeis
1201 2859 1536 2952 ministros

947 3013 1129 3077 uenit
1172 3012 1313 3077 illic
1357 3031 1502 3077 cum
1548 3010 1680 3074 lam

738 3109 762 3160 †
792 3115 836 3154 et
865 3111 1007 3158 sscib'

943 3163 1190 3248 padib'i·
1233 3171 1301 3229 et
1345 3162 1546 3229 armis

736 3316 895 3444 50339
942 3316 1054 3382 Ihs
1100 3317 1254 3401 itsq'
1298 3317 1515 3384 sciens
1561 3336 1664 3381 om

789 3451 842 3495 ¹⁰
945 3470 1058 3535 nis
1101 3490 1245 3553 quae
1290 3475 1568 3537 uentura

1838 670 1958 737 Ich
2003 670 2055 737 O
2103 672 2183 739 18

2140 875 2183 940 6
2269 876 2350 939 οῦ
2399 894 2541 940 cum
2589 873 2755 958 ipsis
2801 880 2873 939 ut
2917 893 2989 940 er

2269 1049 2356 1113 go
2403 1027 2574 1094 dixit
2615 1025 2712 1092 eis
2759 1045 2888 1111 ego
2932 1027 3009 1093 εὖ

2270 1182 2573 1249 abierunt
2613 1186 2825 1245 reti-or

2176 1317 2185 1344 ’
2271 1336 2348 1400 sfi
2396 1340 2463 1399 et
2505 1331 2887 1399 ceciderunt

2270 1486 2337 1552 in
2384 1490 2562 1552 terri.
2606 1486 2776 1552 iterfi
2824 1504 2897 1551 er

2272 1660 2358 1724 go
2403 1657 2518 1706 eos
2560 1637 2900 1721 interroga

2270 1791 2370 1857 uit
2410 1801 2534 1875 que
2581 1789 2854 1873 queritis

2271 1944 2370 2010 illi
2414 1951 2566 2010 aute
2612 1942 2921 2009 dixerunt

2272 2098 2406 2164 ihm
2448 2095 2868 2179 nazorenfi[!].
2910 2113 2983 2159 re

2272 2249 2543 2335 spondit
2585 2248 2689 2315 ihs
2736 2247 2876 2314 dixi

2273 2404 2460 2471 uobis
2507 2401 2664 2487 qnia
2704 2421 2831 2485 ego
2876 2410 2955 2466 ssi

2274 2557 2330 2623 si
2378 2577 2538 2641 ergo
2583 2575 2689 2620 me
2734 2553 2915 2637 queri
2982 2519 2993 2529 Ι

2273 2710 2360 2775 tis
2404 2709 2603 2774 sinite
2648 2706 2769 2773 hos
2815 2704 2922 2771 abi

2268 2883 2339 2928 re
2385 2868 2455 2927 ut
2497 2858 2989 2945 implerenturfl]

2269 3034 2484 3082 sermo
2531 3024 2657 3096 que
2700 3011 2873 3078 dixit

2271 3166 2428 3250 quia
2470 3185 2632 3249 quos
2677 3163 2922 3230 dedisti

2272 3319 2434 3384 mihi
2481 3339 2611 3384 non
2660 3316 2919 3403 perdidi

2271 3492 2353 3538 ex
2399 3471 2564 3556 ipsis
2610 3475 2934 3558 quemqui

940 3629 1131 3689 erant
1172 3642 1371 3708 super
1414 3624 1497 3690 εὖ
1545 3643 1629 3690 ex
2103 3628 2183 3692 10
2266 3624 2493 3690 Simon
2535 3624 2740 3707 igitur
2778 3642 2863 3707 pe

941 3776 1020 3841 iit
1069 3783 1136 3843 et
1180 3776 1342 3842 dicit
1385 3776 1483 3842 eis
1527 3782 1652 3859 que
2012 3783 2019 3789 ’
2062 3714 2233 3860 {3:¹32
2266 3783 2404 3843 trus
2449 3776 2701 3843 habens
2743 3777 2859 3860 gla

815 3932 858 3996 5
946 3922 1217 4012 qveritis
1262 3949 1502 4013 respon
2059 3869 2235 3963 {3332
2270 3928 2387 3994 difl
2432 3928 2666 3995 eduxit
2708 3937 2789 3994 efi
2835 3933 2902 3993 et

942 4080 1182 4148 derunt
1223 4079 1359 4145 ihm
1406 4099 1574 4145 naza
2268 4082 2591 4166 percussit
2633 4080 2819 4165 ponti

942 4232 1160 4317 rerfi[!]
1204 4230 1368 4298 dicit
1410 4231 1505 4297 eis
1552 4228 1655 4295 ihs
2267 4234 2410 4300 ficis
2454 4235 2649 4300 serus:
2696 4240 2763 4299 et
2807 4231 2892 4298 ab

940 4404 1068 4469 ego
1112 4395 1189 4450 εὑ
1235 4382 1458 4451 stabat
1500 4390 1652 4449 aute
2269 4385 2468 4452 scidit
2510 4386 2651 4454 eius
2693 4385 2835 4452 auri

940 4546 1008 4604 et
1052 4537 1241 4604 iudas
1287 4536 1397 4621 qui
1440 4534 1630 4603 trade
2268 4539 2416 4605 culs)⁴
2460 4538 2761 4605 dextram

1243 4688 1359 4754 bat

1351 4801 1388 4822 ὀ
