3634 5717
378 665 498 730 Fol
545 668 625 731 72

582 869 931 937 iohannem
979 874 1197 939 sciens
1241 877 1323 941 εὖ

577 1022 721 1087 uiru
769 1024 942 1089 iustu
988 1031 1054 1090 et
1096 1038 1229 1091 soff]
1276 1035 1341 1092 et

576 1175 969 1242 obseruabat
1011 1198 1156 1243 enm
1204 1186 1270 1243 et
1313 1187 1388 1244 cr

403 1619 475 1682 21

392 2550 476 2613 22

378 4078 461 4140 24

576 1328 870 1395 audisset
916 1330 1030 1395 illu
1082 1331 1283 1396 multa

575 1480 791 1547 facere
834 1478 1112 1548 libenter
1157 1485 1236 1549 εὖ

572 1634 903 1702 audiebat.
951 1657 1095 1702 cum
1142 1637 1284 1702 dies
1330 1659 1411 1703 au

569 1793 632 1851 te
680 1795 1034 1871 oportunus
1081 1789 1327 1854 accidis

567 1946 667 2004 set
713 1940 951 2006 natalis
997 1940 1259 2042 herodis

569 2092 723 2157 fecit
768 2104 950 2157 caena
994 2113 1300 2175 magnam

567 2244 911 2328 principib'
957 2251 1023 2308 et
1068 2244 1343 2310 tribunis

562 2406 629 2461 et
673 2396 899 2479 primis
946 2396 1232 2480 galileae

564 2549 768 2631 cumq’
813 2548 1149 2613 introisset
1192 2548 1233 2612 fi

563 2702 654 2766 lia
697 2691 1077 2769 herodiadis
1123 2707 1188 2765 et
1232 2703 1327 2765 sal

562 2860 767 2922 tasset
812 2859 878 2919 et
922 2852 1277 2936 placuisset

559 3005 788 3071 herodi
834 3004 1087 3087 simulq'
1134 3010 1281 3069 recr'r

558 3157 796 3225 bentib'
841 3163 996 3222 tunc
1038 3176 1153 3220 rex
1198 3156 1294 3221 ait

560 3310 817 3394 puellae
864 3313 1015 3392 pete
1061 3330 1102 3374 a
1147 3330 1249 3373 me

559 3462 728 3545 qnod
777 3462 876 3528 uis
922 3469 987 3527 et
1034 3460 1204 3526 dabo
1251 3461 1369 3525 tibi

556 3621 621 3679 et
666 3613 904 3680 iurauit
947 3613 1041 3678 illi
1087 3613 1241 3696 quia
1285 3619 1360 3695 qo

556 3767 761 3849 cumq'
806 3765 1075 3849 petieris
1120 3765 1291 3829 dabo

555 3918 671 3983 tibi
717 3918 874 3984 licet
917 3916 1195 3982 dimidiu

549 4069 738 4153 regni
787 4070 914 4136 mei
961 4090 1126 4152 quae
1174 4070 1252 4133 cfr

549 4223 796 4288 exisset
839 4223 1008 4288 dixit
1054 4221 1241 4286 matri

547 4398 705 4442 suae
749 4377 904 4459 quid
951 4384 1104 4460 peta
1148 4382 1217 4441 at
1264 4374 1304 4437 11

548 4531 613 4595 la
657 4529 827 4594 dixit
863 4536 1060 4613 caput
1104 4524 1409 4591 iohannis

1462 659 1468 665 ’
1572 675 1844 742 Mrcss
2795 686 2909 751 141

1727 880 1812 943 25
1899 879 2230 964 baptistae
2276 883 2392 950 illa
2436 890 2586 950 aute
2633 885 2856 969 ingres

1898 1051 1974 1095 sa
2019 1033 2104 1097 ad
2151 1046 2306 1116 rege
2354 1036 2698 1101 confestim

1899 1158 2234 1266 petit'sibi
2280 1186 2421 1252 dari
2473 1187 2536 1251 in
2586 1189 2768 1254 disco

1900 1341 2098 1417 caput
2141 1337 2448 1404 iohannis
2494 1341 2712 1423 baptis

1722 1467 1806 1531 2ss
1895 1491 2002 1549 tae
2049 1493 2114 1550 et
2157 1489 2577 1556 contristatus
2624 1500 2724 1557 est

1893 1657 2006 1701 rex
2053 1647 2322 1721 propter
2366 1641 2748 1723 iusiurandr

1890 1796 1954 1853 et
2000 1796 2267 1874 propter
2310 1792 2502 1858 simul
2552 1807 2704 1860 recu

1888 1940 2117 2005 bentes
2163 1943 2373 2007 noluit
2417 1957 2495 2010 ea
2540 1967 2659 2011 con

1715 2091 1795 2155 27
1887 2092 2149 2158 tristare
2193 2094 2313 2160 sed
2360 2096 2559 2162 misso

1883 2244 2278 2326 speculatori
2325 2250 2641 2332 praecepit

1882 2394 2128 2460 adferri
2174 2404 2371 2481 caput
2416 2399 2555 2465 eius
2605 2400 2670 2466 in

1884 2546 2066 2612 disco
2113 2555 2178 2613 et
2223 2549 2578 2617 decollauit
2623 2561 2700 2618 e?

1707 2698 1789 2788 28
1882 2698 2254 2767 in-carcere
2301 2708 2367 2768 et
2411 2701 2648 2769 adtulit

1883 2856 2080 2934 caput
2122 2849 2260 2916 eius
2307 2852 2374 2917 in
2421 2854 2604 2921 disco
2648 2863 2714 2922 et

1881 3002 2066 3068 dedit
2111 3005 2370 3086 puellae
2417 3005 2535 3069 illa
2579 3015 2729 3073 aute

1704 3158 1786 3221 29
1876 3154 2060 3221 dedit
2105 3156 2296 3221 matri
2343 3177 2503 3223 suae
2548 3177 2675 3240 quo

1878 3306 2102 3371 audito
2150 3306 2457 3392 discipuli
2504 3309 2641 3375 eius

1879 3464 2197 3523 uenerunt
2240 3467 2306 3524 et
2349 3459 2637 3526 tulerunt

1877 3629 2110 3693 corpus
2154 3609 2293 3673 eins
2339 3617 2405 3674 et
2449 3630 2651 3694 posue

1875 3766 2023 3823 runt
2067 3759 2226 3824 illud
2277 3760 2339 3824 in
2390 3748 2805 3828 monumento

1701 3922 1787 3985 30
1874 3912 1955 3975 Et
2000 3912 2241 3978 reuersi
2290 3913 2573 3994 apostoli

1671 4020 1740 4049 [nr
1766 4007 1815 4049 61
2323 4050 2326 4053 ,

1742 4062 1767 4099 ⁸
1874 4064 1956 4129 ad
2005 4063 2137 4127 ibn]
2186 4064 2633 4129 renuntiauert

1671 4110 1711 4150 lc
1746 4110 1792 4151 15

1873 4216 1933 4280 ei
1981 4215 2204 4281 omnia
2249 4236 2416 4298 quae
2463 4214 2600 4281 fece

1875 4376 2019 4433 rant
2063 4376 2129 4434 et
2173 4368 2532 4433 docuerant

1693 4519 1767 4582 31
1867 4519 1948 4582 Et
1993 4519 2088 4583 ait
2133 4519 2267 4583 illis
2314 4518 2417 4582 ihs
2465 4522 2684 4587 uenite

1664 4612 1727 4646 unt
1756 4606 1810 4645 62

1714 4656 1762 4699 ¹⁰
2040 4669 2102 4733 in
2152 4671 2417 4736 desertfi
