3634 5717
778 619 905 685 298

822 824 862 888 8
907 822 991 887 Et
1033 821 1308 888 secessit
1350 816 1454 887 ihs
1481 843 1523 889 a
1544 820 1743 889 iudea
1766 830 1833 888 et
1854 821 2036 887 uenit
2216 829 2283 888 et
2314 820 2484 886 dixit
2514 819 2688 886 uado
2710 818 2777 884 in
2803 818 3038 885 siloam
3064 825 3130 885 et
3151 818 3326 885 uadit

908 906 974 971 in
1020 907 1374 974 samariam
2215 907 2462 973 etuidit
2491 913 2555 972 et
2569 904 2941 971 tumultuati
2969 912 3119 970 sunt
3146 904 3325 989 phari

822 993 864 1056 9
908 991 1162 1058 Sedens
1206 1011 1403 1078 super
1448 998 1710 1077 puteum
1759 990 1864 1056 ihs
3236 989 3323 1056 sei

911 1077 1249 1143 mulierem
1295 1076 1764 1145 samaritanam
2091 1078 2169 1141 19
2213 1077 2355 1160 Ego
2379 1096 2520 1142 sum
2536 1071 3324 1160 panisnitaequiponoani

955 1163 1076 1229 etit
1118 1162 1342 1229 bibere
1388 1170 1454 1228 et
1499 1160 1661 1228 dioit
1702 1161 1960 1247 discipu
2214 1182 2386 1228 mam
2433 1181 2646 1228 meam
2692 1180 2811 1244 pro
2857 1157 3087 1224 ouibus

935 1248 992 1313 is
1037 1244 1153 1314 alii
1198 1248 1664 1314 laboranerunt
1708 1254 1773 1313 et
1815 1267 1934 1314 uos
2085 1246 2172 1313 20
2215 1246 2538 1312 Dixerunt
2569 1244 2901 1330 pharisaei
2934 1243 2992 1308 si
3023 1249 3327 1329 tuesxps

908 1332 974 1396 in
1033 1332 1324 1399 laborem
1377 1332 1666 1417 ipsorum
1712 1332 2033 1401 introistis
2215 1331 2323 1397 dio
2366 1331 2556 1397 nobis
2601 1338 2671 1396 ut
2715 1327 3108 1414 lapidabant
3150 1348 3289 1394 eum

793 1416 869 1482 10
913 1417 1142 1499 Omnis
1191 1418 1513 1502 propbeta
1557 1417 1700 1484 sine
1745 1416 1920 1483 hono
2217 1424 2484 1501 propter
2524 1416 2794 1483 uerbum

908 1523 978 1569 re
1024 1510 1125 1569 est
1168 1502 1235 1567 in
1283 1502 1501 1587 patria
1553 1523 1674 1569 sua
1716 1508 1783 1569 et
1828 1503 2032 1569 filium
2086 1502 2165 1567 21
2214 1501 2340 1568 Vbi
2371 1503 2656 1568 lazarum
2688 1506 2922 1584 quarta
2957 1498 3065 1565 die
3090 1498 3327 1564 resusoi

912 1587 1124 1672 reguli
1170 1588 1433 1653 sanauit
2839 1590 2937 1652 tat
2982 1604 3024 1650 a
3068 1583 3327 1649 mortuis

785 1672 856 1737 11
909 1673 983 1737 In
1035 1672 1351 1757 porticum
1395 1671 1753 1738 salomonis
1800 1670 1885 1738 ad
2083 1672 2168 1737 22
2214 1671 2305 1737 Et
2339 1670 2594 1756 aceepit
2640 1669 2850 1736 maria
2893 1677 3289 1753 unguentum

909 1757 1306 1823 natatoriam
1351 1756 1673 1841 piscinam
1719 1757 1984 1822 homino
2217 1764 2282 1821 et
2311 1756 2536 1821 unoxit
2572 1755 2775 1842 pedes
2801 1754 2915 1820 ihu
2939 1762 3007 1820 et
3030 1753 3328 1838 pharisaei

912 1841 996 1907 ab
1039 1841 1484 1908 infirmitatem
1531 1841 1722 1907 annis
1769 1854 1921 1908 xxx
2220 1841 2534 1908 uolebant
2577 1840 2876 1907 occidere
2920 1839 3210 1905 lazarum

912 1941 1047 1991 vm
1092 1925 1355 1993 sanauit
2088 1927 2171 1993 23
2217 1926 2456 2001 Turbae
2500 1926 2639 1993 aooi
2692 1931 2882 1992 erunt
2924 1923 3120 1990 flores
3167 1920 3274 2007 pal

790 2009 866 2074 12
912 2012 1011 2078 De
1046 2011 1330 2094 quinque
1365 2031 1570 2095 panes
1606 2010 1832 2078 ordaei
1858 2018 1925 2078 et
1945 2010 2032 2078 du
2218 2031 2468 2077 marum
2515 2020 2581 2078 et
2670 2010 2932 2077 ioebant
2975 2028 3233 2093 osanna

910 2096 1070 2162 obus
1148 2096 1389 2162 isoibus
1411 2096 1574 2163 in.u.
1600 2096 1786 2162 milia
1808 2093 2028 2164 uirorfi
2213 2102 2279 2163 et
2311 2095 2576 2163 dicebat
2616 2096 2719 2161 ihs
2754 2095 2866 2180 qui
2890 2093 3183 2162 animam
3226 2102 3333 2158 sus

909 2188 975 2248 et
1016 2202 1101 2248 uo
1130 2181 1329 2248 ebant
1373 2203 1520 2283 eum
1563 2176 1787 2285 tenere
1832 2184 1901 2250 in
2201 2182 2414 2333 [getit]
2459 2179 2692 2266 perdet
2711 2201 2879 2282 ‚eam

909 2286 1134 2351 regem
1180 2274 1246 2332 et
1289 2267 1459 2352 fugit
1502 2274 1570 2334 et
1609 2276 1792 2335 uenit
1838 2270 1922 2337 ad
2082 2266 2169 2332 24
2268 2288 2373 2333 um
2421 2267 2629 2333 multa
2672 2285 2869 2350 slgna
2910 2266 2976 2332 fe

909 2350 1267 2436 discipulos
1313 2353 1656 2420 ambulans
1701 2374 1900 2440 snper
2216 2353 2416 2419 oisset
2460 2351 2564 2417 ihs
2610 2350 2873 2418 dioebat
2918 2371 3044 2435 ego
3089 2351 3208 2416 lux

912 2437 1649 2523 mareetdixitegosum
1669 2439 2034 2524 panisnitae
2221 2438 2289 2504 in
2333 2437 2506 2504 huno
2548 2436 2861 2507 mundum
2907 2435 3060 2503 ueni

792 2520 871 2586 13
918 2521 1080 2588 Cum
1126 2522 1333 2606 aliqui
1369 2522 1460 2624 ,ἃς
1505 2523 1849 2624 disoipulis
1896 2525 2003 2591 abi
2094 2529 2177 2593 25
2222 2522 2346 2588 Vbi
2361 2522 2465 2588 ihs
2483 2521 2686 2623 pedes
2701 2518 3336 2673 dissignlorumlavit

787 2724 868 2839 14
908 2607 1499 2843 ffifflzffi‘„
1519 2610 1891 2794 Ῑὲεηεῖτῖθ
2094 2613 2178 2679 2⁶
2221 2609 3277 2794 {33¹3gxffteueffsss‘qffs

911 2783 1053 2962 sifus·
1082 2778 1474 2963 ιιῖιῗξξηῖιίῗιῖ
1515 2779 1932 2931 ilrliffiufdgaetirneis
1944 2870 2010 2930 et
2092 2868 2172 2932 27
2220 2777 2860 2930 Ffsstmguffiodizgilffilllg
2894 2860 3243 2946 discipulis

911 2945 1083 3012 dixit
1126 2947 1230 3013 ihs
1275 2949 1479 3014 nolite
1523 2948 1815 3016 iudicare
1854 2970 1926 3016 se
2219 2947 2481 3034 diligite
2525 2968 2644 3015 uos
2688 2949 2969 3016 inuioem
3017 2954 3209 3031 petro

911 3031 1197 3099 eundum
1245 3034 1479 3099 faeiem
1526 3035 1816 3118 quaeritis
1864 3055 1968 3102 me
2220 3034 2391 3099 dixit
2433 3040 2533 3100 ter
2575 3054 2680 3099 me
2724 3032 3003 3119 negabis
3038 3053 3164 3118 ego
3206 3053 3353 3098 sum*

913 3123 984 3183 et
1027 3116 1136 3183 ubi
1168 3137 1309 3183 sum
1343 3139 1471 3184 non
1507 3120 1783 3209 potestis
1814 3120 2041 3186 uenire
2222 3120 2334 3185 uia
2377 3126 2443 3184 et
2487 3118 2734 3185 ueritas

789 3203 866 3269 15
912 3200 1037 3281 Qui
1081 3201 1222 3268 sitit
1268 3203 1492 3270 ueniat
1537 3212 1603 3271 et
1643 3204 1831 3272 uibat
1873 3205 2041 3272 siout
2094 3208 2176 3273 28
2220 3204 2290 3270 Si
2337 3203 2618 3290 diligitis
2673 3224 2777 3270 me
2828 3209 3160 3288 praeoepta
3202 3223 3341 3268 mea

911 3287 1224 3371 seriptum
1270 3295 1371 3354 est
2219 3288 2544 3358 custodite
2589 3296 2656 3355 et
2699 3289 2948 3374 rogabo
2992 3295 3253 3374 patrem

787 3374 867 3438 16
912 3371 997 3437 Et
1042 3371 1375 3440 adducunt
1421 3372 1505 3441 ad
1552 3374 1685 3439 ihm
1734 3375 2006 3442 muliere
2217 3382 2282 3441 et
2325 3374 2541 3442 mittet
2583 3373 2771 3441 uobis
2815 3385 2961 3458 spm
3005 3373 3307 3442 ueritatis

910 3457 1408 3541 depraehensam
1465 3459 1532 3524 in
1578 3460 2035 3529 moeohatione
2088 3462 2170 3527 29
2216 3460 2359 3545 Ego
2405 3480 2546 3526 sum
2592 3459 2749 3527 uitis
2794 3479 2955 3526 uera
2997 3465 3064 3525 et
3154 3465 3299 3525 ater

907 3549 979 3608 ut
1023 3563 1169 3609 eam
1215 3543 1537 3611 iudicaret
2218 3564 2398 3611 meus
2439 3544 2736 3630 agricola
2778 3545 2836 3611 si
2880 3563 2985 3610 me
3032 3543 3101 3609 di
3131 3543 3278 3609 exis

787 3629 863 3692 17
913 3628 995 3693 Et
1028 3626 1198 3694 dixit
1230 3629 1334 3694 ihs
1368 3629 1599 3697 iudaeis
1633 3650 1778 3696 oum
1815 3631 2039 3696 exalta
2217 3629 2377 3694 setis
2423 3629 2802 3715 gauderetis
2847 3640 2975 3714 quo
3020 3627 3197 3696 uado

912 3710 1139 3779 ueritis
1184 3713 1390 3780 fllium
1435 3714 1721 3781 hominis
1767 3735 1980 3798 oogno
2219 3714 2303 3781 ad
2348 3721 2599 3799 patrem

909 3797 1108 3866 scetis
1140 3799 1294 3882 quia
1325 3820 1450 3884 ego
1498 3820 1638 3866 snm
1686 3822 1840 3867 nam
1883 3806 2036 3866 ante
2087 3801 2176 3869 30
2217 3798 2418 3866 Uenit
2460 3801 2625 3867 hora
2667 3806 2739 3870 ut
2782 3798 2893 3883 qui
2936 3816 3056 3864 uos
3102 3798 3247 3864 ooei

913 3883 1229 3950 abraham
1276 3905 1403 3984 ego
1447 3905 1587 3951 sum
2218 3884 2390 3953 derit
2436 3892 2621 3971 putet
2662 3906 2735 3952 se
2780 3882 3073 3953 officium·
3114 3881 3203 3948 do

791 3969 867 4034 18
910 3968 2036 4054 Gaeoiana[t1]uitatelinnitoonlos
2217 3969 2434 4036 faeere
2479 3977 2545 4037 et
2588 3969 2923 4037 tristitiam
2967 3968 3141 4035 habs

2215 4055 2372 4121 bitis
2415 4055 2533 4122 sed
2577 4055 2818 4123 uidebo
2862 4073 2982 4121 uos
3027 4061 3095 4121 et
3136 4072 3277 4138 gau

2217 4139 2399 4206 debit
2443 4161 2553 4227 eor
2596 4148 2881 4207 uestrum
