3634 5717
397 607 517 672 rol
568 609 690 674 156

606 814 774 913 hora
818 822 960 880 erat
1005 814 1193 899 quasi
1240 822 1430 882 sexta

487 966 522 1029 7
612 967 794 1033 uenit
835 967 1069 1034 mulier
1113 966 1196 1034 de
1242 987 1430 1034 sama

535 1108 543 1118 ’
607 1119 708 1185 ria
751 1120 967 1186 aurire
1012 1141 1247 1202 aquam
1297 1128 1361 1188 et
1403 1120 1470 1186 di

603 1271 692 1335 eit
736 1273 796 1337 ei
843 1272 948 1339 ihs
992 1273 1082 1340 da
1124 1273 1285 1339 mihi
1330 1273 1481 1340 bibe

480 1427 519 1490 8
607 1444 675 1488 re
720 1422 1028 1509 discipuli
1074 1424 1247 1491 enim
1296 1427 1435 1493 eius

607 1525 910 1643 abierunt
952 1577 1019 1642 in
1067 1577 1335 1644 ciuitate

476 1717 517 1780 9
603 1736 672 1793 ut
710 1728 890 1795 eibos
937 1736 1229 1795 emerent
1272 1730 1340 1796 di

600 1880 690 1946 eit
734 1902 893 1965 ergo
943 1881 1004 1949 ei
1052 1882 1283 1949 mulier
1327 1882 1445 1949 illa

597 2035 1003 2102 samaritana
1047 2036 1370 2119 quomodo

596 2195 665 2252 tu
710 2187 941 2254 iudeus
987 2208 1129 2254 enm
1175 2187 1267 2255 sis
1307 2189 1458 2255 bibe

595 2360 664 2406 re
710 2361 749 2407 a
790 2361 893 2408 me
938 2342 1158 2427 poseis
1202 2361 1370 2423 qnae
1414 2352 1493 2407 en

594 2492 716 2558 sim
763 2493 997 2560 mulier
1040 2493 1356 2561 samarita

595 2666 681 2711 na
723 2666 853 2711 non
902 2646 1078 2712 enim
1123 2653 1468 2713 coutuntur

423 2788 503 2853 10
594 2797 788 2864 iudaei
834 2799 1274 2866 samaritanis.
1319 2800 1449 2866 Res

587 2951 825 3035 pendit
862 2952 967 3018 ihs
1012 2960 1078 3020 et
1121 2951 1292 3020 dixit
1335 2953 1396 3020 ei

585 3104 642 3168 si
687 3104 890 3171 scires
933 3105 1111 3173 donfi
1156 3106 1225 3173 di
1266 3113 1331 3172 et

585 3256 729 3340 quis
774 3264 875 3324 est
919 3258 1029 3341 qui
1072 3257 1236 3326 dicit
1275 3258 1396 3325 tibi
1441 3258 1530 3326 da

585 3409 745 3475 mihi
789 3411 1014 3478 bibere
1059 3419 1127 3477 tu
1172 3411 1447 3478 forsitan
1499 3482 1512 3497 ‚

585 3563 865 3646 petisses
912 3564 996 3630 ab
1040 3585 1120 3631 eo
1164 3571 1230 3630 et
1270 3563 1461 3632 dedis

413 3709 482 3771 ll
578 3723 679 3781 set
722 3716 842 3783 tibi
885 3722 1060 3800 aqua
1101 3717 1340 3784 ninam.
1398 3717 1482 3782 Di

580 3866 670 3934 eit
695 3868 754 3934 ei
781 3868 1015 3936 mulier
1037 3870 1167 3937 dne
1203 3870 1348 3955 neq'
1372 3870 1438 3937 in
1467 3890 1593 3955 quo

580 4020 800 4087 aurias
846 4021 1050 4089 habes
1095 4028 1164 4090 et
1205 4029 1438 4107 puteus

579 4174 750 4240 altus
796 4180 896 4240 est
939 4174 1113 4241 unde
1158 4195 1317 4261 ergo
1362 4175 1450 4243 ha

411 4324 490 4390 12
576 4325 693 4394 bes
739 4347 976 4411 aquam
1021 4293 1240 4393 uiuam
1285 4347 1439 4394 num

576 4478 734 4563 quid
778 4486 849 4545 tu
893 4479 1103 4546 maior
1146 4499 1217 4547 es
1261 4486 1449 4564 patre

1523 612 1640 677 Ioh
1693 611 1744 677 C
1788 613 1833 676 4
2825 609 2948 673 311

1939 820 2163 879 nostro
2210 810 2398 877 iacob
2444 810 2553 892 qni
2598 808 2784 876 dedit

1937 965 2125 1032 nobis
2170 964 2344 1030 hune
2384 964 2585 1047 putet‘i
2633 970 2698 1028 et
2743 963 2887 1046 ipse

1935 1140 2017 1186 ex
2063 1139 2141 1185 eo
2186 1116 2353 1184 bibit
2408 1123 2473 1182 et
2521 1135 2762 1200 peoora
2806 1113 2946 1180 eins

1763 1283 1842 1345 13
1932 1278 1998 1337 et
2040 1264 2161 1336 filii
2207 1270 2368 1337 eius.
2417 1265 2782 1351 Respondit

1929 1424 2031 1489 ihs
2078 1431 2145 1490 et
2189 1422 2358 1489 dixit
2404 1420 2466 1487 ei
2513 1418 2723 1486 omnis
2769 1417 2879 1501 qni

1927 1578 2093 1645 bibit
2131 1597 2213 1643 ex
2257 1594 2430 1658 aqua
2473 1572 2599 1637 boe
2640 1570 2822 1637 sitiet

1927 1731 2097 1798 iterfi
2145 1728 2252 1812 qui
2300 1684 2452 1793 ante
2496 1722 2735 1791 biberit
2779 1741 2861 1787 ex

1922 1903 2094 1967 aqua
2139 1901 2267 1966 qna
2305 1899 2431 1964 ego
2462 1875 2547 1942 do
2588 1874 2652 1942 ei
2683 1880 2727 1940 ᾗ
2759 1872 2942 1940 sitiet
2987 1893 3000 1921 ·

1756 2038 1835 2100 14
1919 2038 1990 2103 in
2037 2035 2287 2102 aeternfi
2328 2030 2448 2099 sed
2494 2049 2668 2112 aqua
2711 2037 2839 2110 qna

1921 2207 2047 2275 ego
2092 2185 2177 2252 do
2224 2185 2286 2252 ei
2330 2183 2444 2250 fiet
2486 2179 2555 2246 in
2601 2200 2679 2247 eo
2725 2178 2872 2245 fons

1921 2360 2132 2425 aquae
2175 2335 2476 2406 salientis
2519 2333 2587 2398 in
2632 2330 2771 2396 vita
2806 2349 2862 2394 ω

1752 2500 1832 2564 15
1919 2501 2173 2560 ternam
2210 2489 2373 2558 dicit
2417 2485 2504 2553 ad
2548 2485 2631 2551 efi
2677 2481 2835 2548 muli

1915 2667 1986 2713 er
2030 2645 2161 2711 dfie
2206 2644 2295 2712 da
2336 2640 2499 2708 mihi
2544 2639 2716 2704 hane
2759 2637 2931 2717 aqua

1911 2810 1982 2870 ut
2025 2822 2155 2869 non
2200 2800 2356 2867 sitia
2399 2796 2543 2880 neq'

1747 2964 1828 3029 16
1912 2957 2109 3024 uenia
2152 2956 2280 3021 hue
2323 2950 2540 3018 aurire
2585 2944 2748 3013 dieit

1911 3110 1970 3177 ei
2011 3110 2115 3176 ihs
2158 3107 2331 3176 uade
2373 3125 2540 3172 uooa
2579 3100 2726 3166 uirfl
2770 3095 2886 3162 tufi

1742 3272 1818 3335 17
1907 3270 1976 3329 et
2018 3262 2190 3329 ueni.
2235 3254 2604 3343 Respondit
2645 3249 2804 3319 muli

1906 3435 1978 3481 er
2021 3420 2088 3481 et
2132 3411 2303 3478 dixit
2355 3430 2485 3476 non
2529 3408 2744 3474 habeo
2789 3401 2854 3469 ui

1906 3586 2045 3632 rum
2092 3563 2256 3631 dieit
2293 3563 2355 3630 ei
2401 3562 2505 3628 ihs
2548 3561 2716 3626 bene
2761 3553 2877 3621 dix

1905 3718 2016 3784 isti
2064 3717 2217 3802 quia
2260 3736 2390 3782 non
2437 3714 2642 3781 habes
2684 3707 2830 3774 uirfi

1737 3871 1815 3937 18
1904 3871 2122 3957 quinq'
2167 3881 2276 3937 eni
2325 3869 2500 3936 uiros
2543 3863 2779 3932 habuis

1900 4026 1951 4090 ti
1996 4032 2064 4092 et
2105 4044 2280 4090 nune
2323 4032 2447 4106 qne
2490 4019 2696 4087 habes
2739 4035 2871 4082 non

1900 4183 2002 4244 est
2043 4183 2191 4243 tuus
2234 4175 2339 4242 uir
2380 4175 2505 4241 hoe
2548 4181 2708 4240 ueni

1734 4334 1812 4398 19
1901 4328 2149 4395 dixisti.
2196 4327 2360 4397 dicit
2404 4328 2466 4395 ei
2510 4325 2745 4394 mulier

1898 4482 2029 4550 dne
2072 4481 2268 4549 uideo
2312 4479 2492 4565 qnia‘
2511 4478 2763 4567 prophe

2067 4643 2136 4701 ta
2181 4653 2251 4700 es
2297 4641 2364 4698 tu
