3634 5717
441 652 564 720 Fol
606 653 691 720 62

535 842 723 936 Inc'ip
769 852 1017 937 praeph.
1063 871 1299 936 euang.
1345 862 1565 917 secun.

1558 957 1667 1002 ma

629 1020 1023 1130 Marcus
1096 1051 1484 1155 euange
1556 1040 1666 1170 αξξ

444 1185 692 1286 gelista
734 1186 803 1252 di
851 1189 1098 1254 electus
1144 1193 1210 1254 et
1255 1187 1424 1271 petri

443 1291 513 1336 ιιι
536 1270 937 1355 baptismate
962 1271 1135 1337 filius
1161 1277 1354 1354 atque
1377 1271 1445 1336 in

446 1353 671 1421 diuino
716 1376 1019 1422 sermone
1063 1355 1424 1439 discipulus

446 1438 884 1507 sacerdotium
929 1441 996 1505 in
1041 1438 1284 1506 israhel
1330 1448 1538 1524 agens

443 1523 800 1590 secundum
845 1544 1108 1591 carnem
1148 1523 1396 1592 leuuita

445 1627 796 1674 conuersus
836 1608 919 1673 ad
965 1608 1162 1675 fidem
1206 1619 1321 1692 xpi
1368 1628 1536 1674 euan

494 1692 691 1759 elium
736 1693 803 1757 in
849 1692 1038 1759 italia
1081 1692 1343 1758 scribsit
1386 1700 1568 1758 osten

495 1795 613 1842 ens
643 1776 711 1841 in
745 1797 823 1843 eo
857 1777 1029 1860 quod
1067 1776 1296 1859 generi
1333 1796 1451 1842 suo
1492 1776 1658 1843 debe

448 1867 550 1927 ret
591 1867 659 1927 et
699 1872 831 1945 xpo
875 1882 1027 1927 nam
1058 1861 1317 1926 initium
1348 1860 1656 1945 principii

448 1945 517 2009 in
562 1965 722 2011 uoce
765 1945 1191 2030 propheticae
1230 1947 1530 2010 exclama

449 2027 648 2095 tionis
693 2029 1041 2096 instituens
1087 2029 1382 2096 ordinem

448 2112 757 2180 leuiticae
802 2114 1142 2197 electionis
1189 2112 1477 2179 ostendit

449 2210 519 2262 ut
562 2197 953 2281 praedicans
1046 2197 1544 2265 raedistinatum

450 2281 803 2348 iohannem
846 2301 999 2348 zacc
1046 2282 1226 2348 ariae
1271 2281 1340 2345 in
1384 2301 1546 2347 uoce

454 2365 677 2449 angeli
723 2365 1126 2432 enuntiantis
1171 2365 1479 2432 emissum

452 2469 583 2515 non
626 2450 835 2516 solum
877 2450 1144 2517 uerbum
1190 2470 1342 2517 caro
1387 2451 1566 2516 factu

451 2533 570 2600 sed
605 2554 837 2618 corpus
881 2534 997 2600 dni
1042 2555 1160 2619 per
1210 2534 1478 2601 uerbum
1525 2533 1594 2599 di

455 2617 771 2702 [diJuinae
817 2620 996 2685 uocis
1028 2619 1385 2685 animatum
1434 2617 1622 2683 initio

455 2702 881 2786 euangelicae
925 2703 1437 2788 praedicationis

455 2786 830 2854 ostenderet
873 2793 943 2852 ut
982 2787 1127 2870 quis
1169 2787 1335 2853 haec
1380 2787 1607 2869 legens

454 2870 653 2937 sciret
707 2871 812 2938 cui
854 2871 1112 2936 initium
1156 2871 1372 2937 carnis
1418 2870 1488 2935 in
1532 2870 1663 2936 dno

455 2961 523 3022 et
562 2954 680 3020 ihu
723 2955 1136 3022 aduenientis
1179 2954 1558 3021 habitaculo

456 3058 608 3107 caro
651 3039 920 3107 deberet
960 3058 1320 3124 agnoscere
1365 3046 1559 3122 atque

455 3121 524 3188 in
569 3142 642 3190 se
686 3124 952 3191 uerbum
991 3124 1171 3189 uocis
1211 3123 1384 3207 quod
1430 3123 1497 3188 in
1542 3142 1664 3188 con

455 3207 838 3273 sonantibus
882 3206 1264 3292 perdiderat
1307 3207 1458 3274 inue

459 3290 631 3359 niret
674 3291 956 3374 denique
1001 3298 1067 3358 et
1108 3292 1384 3375 perfecti

457 3374 790 3460 euangelii
834 3395 997 3460 opus
1043 3376 1354 3442 intrasset
1398 3396 1442 3442 a
1482 3375 1612 3458 bap

456 3459 650 3525 tismo
696 3458 812 3525 dni
857 3458 1240 3543 praedicare
1285 3458 1393 3524 dm
1440 3459 1509 3524 in

456 3543 703 3610 choans
746 3563 877 3611 non
922 3544 1248 3610 laborauit
1292 3543 1503 3609 natiui

454 3634 659 3695 tatem
703 3628 921 3694 carnis
966 3648 1160 3711 quam
1205 3628 1273 3692 in
1318 3628 1583 3712 priorib'

454 3713 708 3780 uicerat
749 3712 971 3779 dicere
1007 3711 1125 3777 sed
1172 3718 1345 3787 totus
1391 3712 1459 3777 in

456 3796 687 3896 primis
730 3795 1210 3881 expositionem
1246 3795 1476 3862 diserti

456 3881 771 3948 ieiunium
816 3880 1069 3947 numeri
1112 3880 1456 3964 temptatio

457 3984 607 4031 nem
652 3964 903 4033 diabuli
947 3964 1530 4049 congregationem

456 4049 813 4116 bestiarum
858 4056 926 4116 et
968 4049 1403 4115 ministerium

2869 656 2990 720 119

1766 853 2037 938 protulit
2080 854 2463 937 angelorum
2512 859 2582 918 ut
2627 852 2854 919 institu

1767 958 1885 1003 ens
1930 958 2048 1003 nos
2089 937 2175 1004 ad
2218 937 2737 1022 intellegendum
2781 939 2888 1004 sin

1767 1022 1922 1106 gula
1966 1023 2034 1087 in
2079 1022 2264 1089 breui
2308 1022 2716 1106 conpingens
2758 1042 2880 1088 nec

1767 1107 2224 1172 auctoritatem
2283 1107 2476 1172 factae
2521 1105 2618 1172 rei
2663 1104 2984 1173 adimeret

1769 1196 1836 1255 et
1880 1189 2529 1274 perficiendi-operis
2578 1189 2827 1273 plenitu

1767 1274 1988 1339 dinem
2035 1295 2163 1339 non
2211 1280 2486 1358 negaret
2530 1273 2811 1356 denique

1764 1365 2143 1442 amputasse
2191 1358 2320 1424 sibi
2364 1364 2515 1442 post
2559 1357 2755 1423 fidem

1762 1443 2070 1525 pollicem
2115 1443 2355 1508 dicitur
2398 1449 2469 1508 ut
2513 1441 2881 1508 sacerdotio

1696 1528 1703 1535 '
1761 1528 2078 1610 reprobus
2123 1527 2472 1593 haberetur
2516 1525 2635 1591 sed
2678 1532 2791 1591 tan

1759 1616 1895 1675 tum
1940 1611 2356 1677 consentiens
2402 1609 2556 1675 fidei
2602 1629 2738 1694 prae

1760 1694 2082 1761 distinata
2124 1694 2337 1779 potuit
2382 1694 2616 1760 electio
2661 1700 2732 1759 ut

1761 1799 1884 1845 nec
1927 1780 2023 1845 sic
2068 1780 2134 1844 in
2182 1799 2380 1863 opere
2424 1778 2608 1844 uerbi
2677 1776 2981 1862 perderet

1762 1862 1936 1946 quod
1981 1864 2172 1948 prius
2206 1868 2532 1929 meruerat
2578 1862 2646 1926 in
2693 1880 2936 1946 genere

1764 1967 1915 2012 nam
1962 1948 2390 2013 alexandriae
2433 1947 2781 2029 episcopus

1766 2030 1888 2096 fuit
1931 2031 2115 2096 cuius
2160 2038 2225 2097 et
2268 2031 2532 2114 singula
2575 2049 2740 2114 opus

1761 2114 1931 2180 scire
1976 2123 2043 2181 et
2095 2135 2264 2182 euan
2315 2114 2429 2181 elii
2475 2115 2542 2178 in
2587 2134 2660 2180 se
2703 2113 2884 2179 dicta

1764 2198 2116 2297 disponere
2155 2206 2221 2264 et
2312 2197 2683 2282 isciplinam
2731 2197 2798 2262 in
2842 2217 2916 2263 se

1765 2282 1936 2365 legis
1975 2302 2336 2367 agnoscere
2382 2288 2447 2348 et
2486 2281 2779 2347 diuinam

1766 2367 1833 2430 in
1874 2387 2070 2434 carne
2116 2366 2503 2451 intellegere
2548 2372 2846 2432 naturam

1810 2470 1911 2515 uae
1953 2451 2018 2515 in
2065 2470 2185 2516 nos
2227 2451 2505 2534 primum
2549 2448 2794 2532 requiri

1766 2472 2006 2601 dehinc
2049 2534 2364 2618 inquisita
2406 2534 2703 2600 uolumus

1766 2639 2128 2703 agnoscere
2173 2620 2490 2685 habentes
2535 2616 2821 2683 mercide

1767 2703 2244 2769 exhortationis
2288 2713 2415 2786 quo
2461 2702 2572 2785 qui
2618 2700 2877 2786 plantat

1767 2794 1834 2854 et
1872 2788 1980 2870 qui
2025 2788 2203 2872 rigat
2246 2807 2442 2852 unum
2488 2793 2640 2851 sunt
2672 2785 2784 2869 qui
2827 2792 2979 2851 aute

1766 2872 2238 2938 incrementum
2281 2877 2554 2956 praestat
2590 2870 2668 2935 ds
2713 2876 2815 2937 est

1765 2956 1956 3040 Expl.
1982 2976 2116 3040 prae
2168 3005 2181 3019 .
2207 2975 2443 3039 euang.
2466 2953 2732 3020 secund.
2756 2962 2981 3019 marcu

1766 3041 1970 3124 Incip.
2013 3040 2127 3106 bre
2175 3040 2251 3106 is.
2285 3039 2511 3107 eiusde
2556 3037 2983 3122 euangelistae

1774 3129 1801 3189 l
1851 3124 2012 3190 Erat
2053 3125 2183 3190 ioh.
2230 3124 2468 3208 baptiz.
2506 3122 2639 3188 ihm
2686 3129 2752 3188 et
2793 3141 2876 3188 ue

1853 3209 1951 3273 nit
1971 3228 2168 3292 super
2192 3209 2325 3273 ihm
2352 3213 2464 3291 sps
2490 3213 2596 3273 scs
2619 3213 2685 3273 et
2709 3206 2778 3271 in
2791 3205 2983 3272 deser

1853 3299 1920 3359 to
1966 3300 2322 3376 temptatus

1768 3379 1809 3440 2
1855 3378 2012 3442 Post
2059 3396 2207 3442 uam
2232 3375 2512 3442 traditus
2541 3382 2643 3441 est
2664 3375 2983 3440 iohannes

1716 3524 1725 3529 .
1854 3480 2016 3545 prae
2065 3461 2286 3526 icabat
2318 3460 2422 3525 ihs
2447 3465 2513 3526 et
2534 3459 2794 3525 uocauit
2817 3457 2983 3522 disci

1856 3544 2045 3643 pulos
2076 3563 2228 3609 suos
2274 3549 2341 3610 et
2383 3544 2714 3643 hominem
2744 3542 2828 3607 ab
2858 3551 2983 3625 spu

1857 3628 2168 3693 mmundo
2213 3635 2477 3694 sanauit

1769 3714 1811 3777 3
1856 3712 2126 3778 Socrum
2159 3711 2328 3796 petri
2377 3731 2418 3776 a
2453 3711 2739 3777 febribus
2776 3708 2987 3806 liber-a

1856 3886 1924 3947 et
1954 3880 2356 3963 quaerebant
2388 3879 2617 3946 turbae
2650 3886 2722 3944 ut
2754 3798 2985 3944 salulelri

1771 4052 1814 4113 4
1858 4049 2145 4134 Rogauit
2165 4049 2298 4114 ihm
2325 4049 2622 4133 leprosus
2647 4054 2713 4114 et
2744 3967 2990 4145 ιιιιιιιιιιίιέ,

1770 4220 1814 4283 5
1858 4217 1941 4282 Ει
1979 4237 2222 4283 sanans
2257 4216 2696 4301 paralyticum
2731 4136 2989 4363 digit}

2132 4364 2137 4369 .
2860 4318 2898 4363 o
2951 4318 2988 4364 e
