3634 5717
396 658 512 723 Fol
562 659 644 720 69
691 686 735 740 .-

424 860 505 927 37
597 879 741 925 eum
788 858 903 924 illo
948 865 1015 923 et
1058 860 1236 925 faeta
1278 864 1379 927 est

598 1010 890 1095 procella
934 1030 1177 1094 magna
1222 1029 1346 1075 nen

600 1162 651 1227 ti
696 1167 763 1228 et
803 1162 1034 1228 fluetus
1079 1159 1266 1226 mitte

599 1312 759 1380 bant
801 1313 869 1378 in
915 1323 1082 1380 naue
1127 1311 1225 1378 ita
1269 1317 1341 1377 ut
1388 1310 1454 1375 in

426 1456 510 1520 38
596 1465 884 1549 pleretnr
922 1463 1112 1531 nauis
1155 1469 1222 1529 et
1266 1469 1407 1528 erat

598 1617 743 1700 ipse
788 1616 854 1681 in
900 1616 1106 1701 puppi
1144 1633 1346 1698 snpra

601 1766 881 1834 ceruieal
928 1766 1259 1834 dormiens

597 1925 662 1985 et
705 1908 1003 1986 excitant*
1040 1929 1123 1984 en
1162 1925 1229 1986 et
1272 1918 1498 1985 dievnt

598 2071 655 2135 ei
705 2071 1021 2156 magister
1058 2091 1187 2136 non
1229 2071 1316 2139 ad
1361 2076 1427 2136 te

598 2223 884 2307 pertinet
929 2222 1085 2307 quia
1126 2223 1413 2307 perimvs

427 2384 511 2448 39
598 2381 666 2442 et
708 2394 1032 2459 exurgens
1077 2373 1339 2440 eomina

599 2532 700 2592 tus
747 2533 847 2593 est
892 2532 1088 2594 uento
1133 2533 1199 2595 et
1243 2524 1358 2590 dix

598 2679 650 2744 it
694 2679 859 2744 mari
903 2684 1051 2745 tace
1095 2678 1393 2744 obmutes

601 2850 675 2896 ee
719 2837 786 2897 et
827 2788 1112 2895 cessanit
1156 2835 1388 2895 uentus

599 2987 666 3047 et
708 2981 885 3047 faeta
928 2987 1029 3047 est
1070 2980 1352 3064 tranqvil

420 3132 506 3195 40
592 3132 747 3198 litas
793 3153 1038 3216 magna
1081 3138 1146 3199 et
1190 3131 1285 3198 ait
1331 3131 1461 3195 illis

598 3284 754 3368 quid
799 3282 1014 3349 timidi
1060 3283 1219 3351 estis
1264 3303 1387 3348 nee

600 3434 688 3501 dfi
734 3435 991 3502 habetis
1036 3435 1163 3501 fide
1210 3440 1276 3501 et

601 3587 953 3653 timuerunt
999 3606 1239 3670 magno

602 3738 834 3805 timore
877 3746 943 3805 et
987 3738 1297 3804 dicebant

489 3901 493 3905 “
601 3890 686 3957 ad
731 3891 1112 3957 alterutrum
1162 3889 1306 3974 quis

604 4049 792 4126 putas
838 4047 939 4108 est
983 4041 1109 4107 iste
1153 4041 1309 4124 quia
1351 4049 1419 4107 et

600 4194 779 4260 uenti
825 4200 890 4260 et
932 4215 1112 4261 mare
1158 4192 1324 4259 oboe

602 4302 789 4412 diunt
834 4345 896 4411 ei

399 4500 450 4565 C
493 4504 536 4565 5
600 4500 684 4564 Et
726 4498 999 4565 ueniunt
1041 4503 1223 4563 trans
1268 4496 1365 4561 fre

402 4586 466 4630 Br
492 4586 540 4629 14

607 4653 675 4718 tt‘1
725 4652 789 4715 in
840 4649 1107 4734 regione

1488 656 1850 722 MrC45
2816 660 2933 725 135
3037 720 3042 725 .

1792 862 1835 924 2
1922 870 2324 944 gerasenorn
2370 867 2437 926 et
2479 880 2602 925 exe

1920 1012 2061 1078 unti
2107 1012 2169 1079 ei
2214 1010 2299 1077 de
2342 1010 2496 1077 nani
2541 1016 2698 1077 stati

1920 1162 2201 1230 oeenrrit
2243 1162 2303 1229 ei
2349 1159 2434 1228 de
2478 1181 2585 1227 mo

1919 1314 2247 1382 numentis
2290 1313 2485 1379 homo
2529 1312 2597 1378 in

1785 1455 1829 1518 3
1916 1474 2036 1551 sp?
2083 1465 2397 1533 inmundo
2444 1462 2553 1548 qvi
2595 1462 2930 1530 domicilii(

1920 1618 2205 1685 habebat
2248 1616 2314 1682 in
2360 1634 2708 1682 monumen

1919 1768 2004 1835 tis
2050 1776 2116 1834 et
2158 1768 2305 1852 neq'
2351 1763 2604 1835 eatenis

1918 1920 2050 1986 iam
2096 1919 2372 2003 quinqua
2414 1937 2561 1984 enm
2606 1937 2691 2001 po
2737 1973 2742 1979 .
2851 1922 2860 1931 “

1788 2064 1832 2128 4
1916 2077 2088 2137 terat
2130 2070 2341 2156 ligare
2387 2071 2517 2153 qfio
2551 2088 2625 2135 se

1918 2243 2003 2308 pe
2046 2221 2390 2306 eonpedib'
2435 2227 2502 2287 et
2545 2225 2691 2286 cate

1918 2373 2022 2441 nis
2067 2374 2323 2440 uinctus
2368 2371 2657 2456 disrupis

1916 2533 2019 2593 set
2058 2531 2328 2593 catenas
2373 2530 2439 2592 et
2483 2534 2649 2608 eepe

1917 2677 2036 2744 des
2082 2676 2506 2744 obminuisset
2549 2682 2617 2743 et

1917 2850 2110 2897 nemo
2155 2834 2414 2914 poterat
2452 2834 2530 2895 εἰ]
2576 2826 2664 2892 do

1787 2975 1831 3039 5
1918 3002 2096 3049 mare
2142 2987 2209 3047 et
2250 3000 2511 3065 semper
2554 2999 2680 3044 noe

1918 3139 1984 3199 te
2027 3153 2107 3199 ae
2149 3132 2258 3201 die
2304 3133 2370 3197 in
2417 3149 2764 3197 monumen

1919 3284 2004 3349 tis
2049 3289 2116 3349 et
2159 3282 2226 3347 in
2273 3282 2537 3349 montib'
2581 3286 2722 3346 erat

1919 3435 2212 3501 olamans
2256 3440 2324 3500 et
2367 3430 2720 3500 concidens

1790 3587 1832 3648 6
1916 3607 1990 3653 se
2033 3584 2304 3670 lapidib’
2349 3583 2581 3651 uidens
2625 3603 2711 3648 av

1919 3744 2050 3804 tem
2096 3736 2228 3801 ihsn
2275 3756 2317 3801 a
2357 3735 2559 3818 longe
2602 3755 2682 3799 oe

1920 3889 2089 3957 enrit
2131 3894 2197 3954 et
2240 3885 2545 3955 adorauit
2588 3897 2670 3953 en

1724 4086 1725 4089 =
1792 4044 1828 4107 7
1917 4049 1985 4109 et
2028 4042 2321 4108 olamans
2365 4060 2528 4106 noce
2570 4058 2723 4121 mag

1921 4215 2009 4260 na
2049 4192 2211 4259 dicit
2255 4190 2412 4275 quid
2458 4188 2620 4255 mihi
2659 4195 2725 4255 et

1921 4343 2041 4410 tibi
2088 4343 2203 4408 ihfi
2249 4342 2345 4407 fili
2391 4342 2458 4408 di
2504 4340 2675 4407 snmi
2722 4340 2808 4407 ad

1924 4496 2065 4560 iuro
2110 4500 2177 4560 te
2221 4514 2339 4578 per
2383 4492 2491 4558 din
2536 4512 2622 4558 ne
2665 4512 2769 4557 me

1795 4650 1835 4713 8
1923 4654 2228 4728 torqueas
2273 4644 2535 4709 dicebat
2575 4655 2680 4708 eni
