<?xml version="1.0" encoding="UTF-8"?>
<!DOCTYPE html PUBLIC "-//W3C//DTD XHTML 1.0 Transitional//EN"
    "http://www.w3.org/TR/xhtml1/DTD/xhtml1-transitional.dtd">
<html xmlns="http://www.w3.org/1999/xhtml" xml:lang="en" lang="en">
 <head>
  <title>
</title>
<meta http-equiv="Content-Type" content="text/html;charset=utf-8" />
  <meta name='ocr-system' content='tesseract 3.04.00' />
  <meta name='ocr-capabilities' content='ocr_page ocr_carea ocr_par ocr_line ocrx_word'/>
</head>
<body>
  <div class='ocr_page' id='page_1' title='image "./codexaureussive00belsgoog_0338.png"; bbox 0 0 3634 5717; ppageno 0'>
   <div class='ocr_carea' id='block_1_1' title="bbox 762 671 2241 741">
    <p class='ocr_par' dir='ltr' id='par_1_1' title="bbox 762 671 2241 741">
     <span class='ocr_line' id='line_1_1' title="bbox 762 671 2241 741; baseline 0.001 -2"><span class='ocrx_word' id='word_1_1' title='bbox 762 673 892 739; x_wconf 78' lang='lat'><strong>272</strong></span> <span class='ocrx_word' id='word_1_2' title='bbox 1889 671 2241 741; x_wconf 65' lang='lat' dir='ltr'><strong>Leon).</strong></span> 
     </span>
    </p>
   </div>
   <div class='ocr_carea' id='block_1_2' title="bbox 737 871 3206 4953">
    <p class='ocr_par' dir='ltr' id='par_1_2' title="bbox 737 871 3206 4953">
     <span class='ocr_line' id='line_1_2' title="bbox 972 871 3055 959; baseline -0.001 -19"><span class='ocrx_word' id='word_1_3' title='bbox 972 872 1162 959; x_wconf 86' lang='lat' dir='ltr'><strong>posui</strong></span> <span class='ocrx_word' id='word_1_4' title='bbox 1207 880 1273 940; x_wconf 86' lang='lat' dir='ltr'><strong>et</strong></span> <span class='ocrx_word' id='word_1_5' title='bbox 1316 880 1570 941; x_wconf 84' lang='lat' dir='ltr'><strong>metens</strong></span> <span class='ocrx_word' id='word_1_6' title='bbox 1618 874 1701 958; x_wconf 71' lang='lat' dir='ltr'><strong>qb</strong></span> <span class='ocrx_word' id='word_1_7' title='bbox 2301 881 2369 943; x_wconf 84' lang='lat' dir='ltr'><strong>et</strong></span> <span class='ocrx_word' id='word_1_8' title='bbox 2410 873 2729 943; x_wconf 85' lang='lat' dir='ltr'><strong>bethania</strong></span> <span class='ocrx_word' id='word_1_9' title='bbox 2772 871 2860 941; x_wconf 87' lang='lat' dir='ltr'><strong>ad</strong></span> <span class='ocrx_word' id='word_1_10' title='bbox 2904 891 3055 938; x_wconf 89' lang='lat' dir='ltr'><strong>mon</strong></span> 
     </span>
     <span class='ocr_line' id='line_1_3' title="bbox 800 1022 3121 1111; baseline -0.001 -18"><span class='ocrx_word' id='word_1_11' title='bbox 800 1027 884 1093; x_wconf 84' lang='grc'><strong>23</strong></span> <span class='ocrx_word' id='word_1_12' title='bbox 974 1045 1105 1092; x_wconf 89' lang='lat' dir='ltr'><strong>non</strong></span> <span class='ocrx_word' id='word_1_13' title='bbox 1150 1024 1474 1092; x_wconf 81' lang='lat' dir='ltr'><strong>seminani</strong></span> <span class='ocrx_word' id='word_1_14' title='bbox 1519 1032 1587 1092; x_wconf 85' lang='lat' dir='ltr'><strong>et</strong></span> <span class='ocrx_word' id='word_1_15' title='bbox 1631 1043 1761 1109; x_wconf 85' lang='lat' dir='ltr'><strong>qua</strong></span> <span class='ocrx_word' id='word_1_16' title='bbox 2298 1034 2362 1092; x_wconf 79' lang='lat' dir='ltr'><strong>te</strong></span> <span class='ocrx_word' id='word_1_17' title='bbox 2409 1027 2521 1111; x_wconf 85' lang='lat' dir='ltr'><strong>qui</strong></span> <span class='ocrx_word' id='word_1_18' title='bbox 2564 1031 2836 1092; x_wconf 74' lang='lat' dir='ltr'><strong>uocatur</strong></span> <span class='ocrx_word' id='word_1_19' title='bbox 2878 1022 3121 1091; x_wconf 81' lang='lat' dir='ltr'><strong>oleueti</strong></span> 
     </span>
     <span class='ocr_line' id='line_1_4' title="bbox 967 1174 2904 1261; baseline 0 -20"><span class='ocrx_word' id='word_1_20' title='bbox 967 1197 1038 1244; x_wconf 81' lang='lat' dir='ltr'><strong>re</strong></span> <span class='ocrx_word' id='word_1_21' title='bbox 1082 1196 1214 1243; x_wconf 85' lang='lat' dir='ltr'><strong>non</strong></span> <span class='ocrx_word' id='word_1_22' title='bbox 1257 1174 1503 1243; x_wconf 82' lang='lat' dir='ltr'><strong>dedisti</strong></span> <span class='ocrx_word' id='word_1_23' title='bbox 1548 1195 1713 1261; x_wconf 84' lang='lat' dir='ltr'><strong>peon</strong></span> <span class='ocrx_word' id='word_1_24' title='bbox 2296 1177 2481 1244; x_wconf 81' lang='lat' dir='ltr'><strong>misit</strong></span> <span class='ocrx_word' id='word_1_25' title='bbox 2526 1175 2692 1244; x_wconf 84' lang='lat' dir='ltr'><strong>duos</strong></span> <span class='ocrx_word' id='word_1_26' title='bbox 2736 1175 2904 1243; x_wconf 78' lang='lat' dir='ltr'><strong>disci</strong></span> 
     </span>
     <span class='ocr_line' id='line_1_5' title="bbox 965 1326 3090 1415; baseline -0 -21"><span class='ocrx_word' id='word_1_27' title='bbox 965 1327 1079 1395; x_wconf 69' lang='lat' dir='ltr'><strong>nia</strong></span> <span class='ocrx_word' id='word_1_28' title='bbox 1121 1348 1335 1396; x_wconf 85' lang='lat' dir='ltr'><strong>meam</strong></span> <span class='ocrx_word' id='word_1_29' title='bbox 1382 1328 1470 1397; x_wconf 88' lang='lat' dir='ltr'><strong>ad</strong></span> <span class='ocrx_word' id='word_1_30' title='bbox 1505 1333 1733 1395; x_wconf 72' lang='lat' dir='ltr'><strong>mensa</strong></span> <span class='ocrx_word' id='word_1_31' title='bbox 2120 1326 2207 1391; x_wconf 87' lang='lat'><strong>30</strong></span> <span class='ocrx_word' id='word_1_32' title='bbox 2292 1330 2483 1415; x_wconf 85' lang='lat' dir='ltr'><strong>pulos</strong></span> <span class='ocrx_word' id='word_1_33' title='bbox 2526 1347 2682 1396; x_wconf 86' lang='lat' dir='ltr'><strong>suos</strong></span> <span class='ocrx_word' id='word_1_34' title='bbox 2725 1327 2957 1394; x_wconf 84' lang='lat' dir='ltr'><strong>dioens</strong></span> <span class='ocrx_word' id='word_1_35' title='bbox 2999 1328 3090 1393; x_wconf 84' lang='lat' dir='ltr'><strong>ite</strong></span> 
     </span>
     <span class='ocr_line' id='line_1_6' title="bbox 967 1477 3066 1567; baseline -0.001 -21"><span class='ocrx_word' id='word_1_36' title='bbox 967 1487 1035 1546; x_wconf 85' lang='lat' dir='ltr'><strong>et</strong></span> <span class='ocrx_word' id='word_1_37' title='bbox 1078 1499 1204 1566; x_wconf 80' lang='lat' dir='ltr'><strong>ego</strong></span> <span class='ocrx_word' id='word_1_38' title='bbox 1249 1481 1523 1549; x_wconf 87' lang='lat' dir='ltr'><strong>ueniens</strong></span> <span class='ocrx_word' id='word_1_39' title='bbox 1567 1483 1648 1549; x_wconf 79' lang='lat' dir='ltr'><strong>eii</strong></span> <span class='ocrx_word' id='word_1_40' title='bbox 2290 1482 2357 1548; x_wconf 89' lang='lat' dir='ltr'><strong>in</strong></span> <span class='ocrx_word' id='word_1_41' title='bbox 2401 1480 2681 1567; x_wconf 67' lang='lat' dir='ltr'><strong>castellii</strong></span> <span class='ocrx_word' id='word_1_42' title='bbox 2725 1477 2901 1564; x_wconf 90' lang='lat' dir='ltr'><strong>quod</strong></span> <span class='ocrx_word' id='word_1_43' title='bbox 2945 1497 3066 1545; x_wconf 83' lang='lat' dir='ltr'><strong>eon</strong></span> 
     </span>
     <span class='ocr_line' id='line_1_7' title="bbox 965 1629 3144 1718; baseline -0.001 -20"><span class='ocrx_word' id='word_1_44' title='bbox 965 1632 1181 1698; x_wconf 85' lang='lat' dir='ltr'><strong>usuris</strong></span> <span class='ocrx_word' id='word_1_45' title='bbox 1225 1633 1381 1718; x_wconf 84' lang='lat' dir='ltr'><strong>utiq&#39;</strong></span> <span class='ocrx_word' id='word_1_46' title='bbox 1420 1632 1651 1718; x_wconf 78' lang='lat' dir='ltr'><strong>exegis</strong></span> <span class='ocrx_word' id='word_1_47' title='bbox 2289 1641 2395 1701; x_wconf 87' lang='lat' dir='ltr'><strong>tra</strong></span> <span class='ocrx_word' id='word_1_48' title='bbox 2434 1651 2554 1700; x_wconf 85' lang='lat' dir='ltr'><strong>uos</strong></span> <span class='ocrx_word' id='word_1_49' title='bbox 2601 1639 2703 1700; x_wconf 81' lang='lat' dir='ltr'><strong>est</strong></span> <span class='ocrx_word' id='word_1_50' title='bbox 2745 1632 2815 1698; x_wconf 87' lang='lat' dir='ltr'><strong>in</strong></span> <span class='ocrx_word' id='word_1_51' title='bbox 2859 1629 3033 1715; x_wconf 86' lang='lat' dir='ltr'><strong>quod</strong></span> <span class='ocrx_word' id='word_1_52' title='bbox 3076 1631 3144 1697; x_wconf 90' lang='lat' dir='ltr'><strong>in</strong></span> 
     </span>
     <span class='ocr_line' id='line_1_8' title="bbox 793 1783 2935 1858; baseline -0.003 0"><span class='ocrx_word' id='word_1_53' title='bbox 793 1794 882 1858; x_wconf 80' lang='grc'><strong>24</strong></span> <span class='ocrx_word' id='word_1_54' title='bbox 966 1791 1039 1851; x_wconf 69' lang='grc' dir='ltr'><strong>εδ</strong></span> <span class='ocrx_word' id='word_1_55' title='bbox 1085 1784 1269 1852; x_wconf 88' lang='lat' dir='ltr'><strong>illam</strong></span> <span class='ocrx_word' id='word_1_56' title='bbox 1313 1790 1382 1852; x_wconf 87' lang='lat' dir='ltr'><strong>et</strong></span> <span class='ocrx_word' id='word_1_57' title='bbox 1420 1783 1837 1852; x_wconf 72' lang='lat' dir='ltr'><strong>adstantibus</strong></span> <span class='ocrx_word' id='word_1_58' title='bbox 2291 1791 2625 1853; x_wconf 78' lang='lat' dir='ltr'><strong>troenntes</strong></span> <span class='ocrx_word' id='word_1_59' title='bbox 2668 1783 2935 1851; x_wconf 88' lang='lat' dir='ltr'><strong>inuenie</strong></span> 
     </span>
     <span class='ocr_line' id='line_1_9' title="bbox 968 1935 3024 2024; baseline -0 -22"><span class='ocrx_word' id='word_1_60' title='bbox 968 1935 1138 2003; x_wconf 83' lang='lat' dir='ltr'><strong>dixit</strong></span> <span class='ocrx_word' id='word_1_61' title='bbox 1180 1937 1435 2006; x_wconf 83' lang='lat' dir='ltr'><strong>auferte</strong></span> <span class='ocrx_word' id='word_1_62' title='bbox 1477 1938 1563 2006; x_wconf 87' lang='lat' dir='ltr'><strong>ab</strong></span> <span class='ocrx_word' id='word_1_63' title='bbox 1607 1937 1722 2005; x_wconf 89' lang='lat' dir='ltr'><strong>illo</strong></span> <span class='ocrx_word' id='word_1_64' title='bbox 1768 1957 1924 2004; x_wconf 87' lang='lat' dir='ltr'><strong>mna</strong></span> <span class='ocrx_word' id='word_1_65' title='bbox 2292 1937 2377 2006; x_wconf 84' lang='lat' dir='ltr'><strong>tis</strong></span> <span class='ocrx_word' id='word_1_66' title='bbox 2420 1937 2607 2024; x_wconf 70' lang='lat' dir='ltr'>pulli</span> <span class='ocrx_word' id='word_1_67' title='bbox 2651 1935 2860 2005; x_wconf 76' lang='lat' dir='ltr'><strong>asinae</strong></span> <span class='ocrx_word' id='word_1_68' title='bbox 2907 1935 3024 2002; x_wconf 87' lang='lat' dir='ltr'><strong>alli</strong></span> 
     </span>
     <span class='ocr_line' id='line_1_10' title="bbox 966 2088 3111 2177; baseline 0 -21"><span class='ocrx_word' id='word_1_69' title='bbox 966 2095 1033 2156; x_wconf 83' lang='lat' dir='ltr'><strong>et</strong></span> <span class='ocrx_word' id='word_1_70' title='bbox 1077 2088 1234 2157; x_wconf 83' lang='lat' dir='ltr'><strong>date</strong></span> <span class='ocrx_word' id='word_1_71' title='bbox 1276 2088 1375 2155; x_wconf 89' lang='lat' dir='ltr'><strong>illi</strong></span> <span class='ocrx_word' id='word_1_72' title='bbox 1418 2089 1530 2174; x_wconf 85' lang='lat' dir='ltr'><strong>qui</strong></span> <span class='ocrx_word' id='word_1_73' title='bbox 1584 2088 1746 2157; x_wconf 75' lang='lat' dir='ltr'><strong>deoe</strong></span> <span class='ocrx_word' id='word_1_74' title='bbox 1795 2107 1986 2156; x_wconf 83' lang='lat' dir='ltr'><strong>mnas</strong></span> <span class='ocrx_word' id='word_1_75' title='bbox 2291 2090 2457 2177; x_wconf 76' lang='lat' dir='ltr'><strong>gatti</strong></span> <span class='ocrx_word' id='word_1_76' title='bbox 2498 2089 2608 2156; x_wconf 85' lang='lat' dir='ltr'><strong>eui</strong></span> <span class='ocrx_word' id='word_1_77' title='bbox 2649 2109 2844 2157; x_wconf 82' lang='lat' dir='ltr'><strong>nemo</strong></span> <span class='ocrx_word' id='word_1_78' title='bbox 2888 2089 3111 2174; x_wconf 69' lang='lat' dir='ltr'><strong>miqui</strong></span> 
     </span>
     <span class='ocr_line' id='line_1_11' title="bbox 793 2238 2999 2320; baseline 0.001 -14"><span class='ocrx_word' id='word_1_79' title='bbox 793 2253 879 2320; x_wconf 79' lang='lat'><strong>25</strong></span> <span class='ocrx_word' id='word_1_80' title='bbox 965 2239 1164 2310; x_wconf 82' lang='lat' dir='ltr'><strong>habet</strong></span> <span class='ocrx_word' id='word_1_81' title='bbox 1202 2247 1271 2310; x_wconf 82' lang='lat' dir='ltr'><strong>et</strong></span> <span class='ocrx_word' id='word_1_82' title='bbox 1312 2240 1622 2310; x_wconf 82' lang='lat' dir='ltr'><strong>dixerunt</strong></span> <span class='ocrx_word' id='word_1_83' title='bbox 2292 2242 2567 2309; x_wconf 67' lang='lat' dir='ltr'><strong>hominii</strong></span> <span class='ocrx_word' id='word_1_84' title='bbox 2611 2238 2788 2308; x_wconf 87' lang='lat' dir='ltr'><strong>sedit</strong></span> <span class='ocrx_word' id='word_1_85' title='bbox 2829 2240 2999 2309; x_wconf 87' lang='lat' dir='ltr'><strong>solui</strong></span> 
     </span>
     <span class='ocr_line' id='line_1_12' title="bbox 963 2381 3100 2463; baseline 0.001 -2"><span class='ocrx_word' id='word_1_86' title='bbox 963 2392 1028 2461; x_wconf 85' lang='lat' dir='ltr'><strong>ei</strong></span> <span class='ocrx_word' id='word_1_87' title='bbox 1072 2391 1338 2463; x_wconf 86' lang='lat' dir='ltr'><strong>domine</strong></span> <span class='ocrx_word' id='word_1_88' title='bbox 1382 2393 1581 2462; x_wconf 82' lang='lat' dir='ltr'><strong>habet</strong></span> <span class='ocrx_word' id='word_1_89' title='bbox 1622 2393 1708 2462; x_wconf 91' lang='lat' dir='ltr'><strong>de</strong></span> <span class='ocrx_word' id='word_1_90' title='bbox 2117 2381 2194 2449; x_wconf 86' lang='lat'><strong>31</strong></span> <span class='ocrx_word' id='word_1_91' title='bbox 2287 2399 2354 2461; x_wconf 86' lang='lat' dir='ltr'><strong>te</strong></span> <span class='ocrx_word' id='word_1_92' title='bbox 2399 2393 2520 2460; x_wconf 83' lang='lat' dir='ltr'><strong>illii</strong></span> <span class='ocrx_word' id='word_1_93' title='bbox 2565 2400 2632 2460; x_wconf 83' lang='lat' dir='ltr'><strong>et</strong></span> <span class='ocrx_word' id='word_1_94' title='bbox 2675 2392 2983 2463; x_wconf 84' lang='lat' dir='ltr'><strong>adduoite</strong></span> <span class='ocrx_word' id='word_1_95' title='bbox 3028 2402 3100 2463; x_wconf 87' lang='lat' dir='ltr'><strong>et</strong></span> 
     </span>
     <span class='ocr_line' id='line_1_13' title="bbox 757 2544 2987 2674; baseline 0.002 -63"><span class='ocrx_word' id='word_1_96' title='bbox 757 2544 907 2674; x_wconf 51' lang='grc'><strong>10230</strong></span> <span class='ocrx_word' id='word_1_97' title='bbox 965 2557 1040 2612; x_wconf 72' lang='lat' dir='ltr'><strong>oe</strong></span> <span class='ocrx_word' id='word_1_98' title='bbox 1086 2565 1274 2613; x_wconf 89' lang='lat' dir='ltr'><strong>mnas</strong></span> <span class='ocrx_word' id='word_1_99' title='bbox 1318 2544 1486 2614; x_wconf 86' lang='lat' dir='ltr'><strong>Dioo</strong></span> <span class='ocrx_word' id='word_1_100' title='bbox 1524 2552 1678 2615; x_wconf 69' lang='lat' dir='ltr'><strong>aute</strong></span> <span class='ocrx_word' id='word_1_101' title='bbox 2287 2545 2345 2611; x_wconf 86' lang='lat' dir='ltr'><strong>si</strong></span> <span class='ocrx_word' id='word_1_102' title='bbox 2387 2546 2534 2636; x_wconf 71' lang='lat' dir='ltr'><strong>quis</strong></span> <span class='ocrx_word' id='word_1_103' title='bbox 2578 2566 2698 2614; x_wconf 86' lang='lat' dir='ltr'><strong>uos</strong></span> <span class='ocrx_word' id='word_1_104' title='bbox 2741 2547 2987 2615; x_wconf 83' lang='lat' dir='ltr'><strong>interro</strong></span> 
     </span>
     <span class='ocr_line' id='line_1_14' title="bbox 755 2679 3007 2827; baseline 0.001 -63"><span class='ocrx_word' id='word_1_105' title='bbox 755 2679 929 2827; x_wconf 47' lang='grc' dir='ltr'><strong>ἓξὲξ</strong></span> <span class='ocrx_word' id='word_1_106' title='bbox 963 2697 1153 2767; x_wconf 77' lang='lat' dir='ltr'><strong>uobis</strong></span> <span class='ocrx_word' id='word_1_107' title='bbox 1198 2696 1355 2782; x_wconf 87' lang='lat' dir='ltr'><strong>qnia</strong></span> <span class='ocrx_word' id='word_1_108' title='bbox 1399 2697 1577 2764; x_wconf 87' lang='lat' dir='ltr'><strong>omni</strong></span> <span class='ocrx_word' id='word_1_109' title='bbox 1621 2695 1837 2764; x_wconf 88' lang='lat' dir='ltr'><strong>haben</strong></span> <span class='ocrx_word' id='word_1_110' title='bbox 2286 2697 2548 2783; x_wconf 85' lang='lat' dir='ltr'><strong>ganerit</strong></span> <span class='ocrx_word' id='word_1_111' title='bbox 2590 2718 2795 2783; x_wconf 86' lang='lat' dir='ltr'><strong>quare</strong></span> <span class='ocrx_word' id='word_1_112' title='bbox 2836 2698 3007 2766; x_wconf 83' lang='lat' dir='ltr'><strong>solui</strong></span> 
     </span>
     <span class='ocr_line' id='line_1_15' title="bbox 959 2847 3093 2935; baseline 0.002 -21"><span class='ocrx_word' id='word_1_113' title='bbox 959 2847 1012 2914; x_wconf 86' lang='lat' dir='ltr'><strong>ti</strong></span> <span class='ocrx_word' id='word_1_114' title='bbox 1056 2847 1319 2916; x_wconf 78' lang='lat' dir='ltr'><strong>dabitur</strong></span> <span class='ocrx_word' id='word_1_115' title='bbox 1361 2849 1448 2916; x_wconf 88' lang='lat' dir='ltr'><strong>ab</strong></span> <span class='ocrx_word' id='word_1_116' title='bbox 1490 2868 1569 2916; x_wconf 87' lang='lat' dir='ltr'><strong>eo</strong></span> <span class='ocrx_word' id='word_1_117' title='bbox 1615 2856 1768 2918; x_wconf 76' lang='lat' dir='ltr'><strong>aute</strong></span> <span class='ocrx_word' id='word_1_118' title='bbox 2286 2850 2372 2917; x_wconf 80' lang='lat' dir='ltr'><strong>tis</strong></span> <span class='ocrx_word' id='word_1_119' title='bbox 2418 2849 2518 2917; x_wconf 85' lang='lat' dir='ltr'><strong>sio</strong></span> <span class='ocrx_word' id='word_1_120' title='bbox 2560 2849 2784 2918; x_wconf 84' lang='lat' dir='ltr'><strong>dioitis</strong></span> <span class='ocrx_word' id='word_1_121' title='bbox 2828 2849 2892 2917; x_wconf 86' lang='lat' dir='ltr'><strong>ei</strong></span> <span class='ocrx_word' id='word_1_122' title='bbox 2936 2850 3093 2935; x_wconf 87' lang='lat' dir='ltr'><strong>quia</strong></span> 
     </span>
     <span class='ocr_line' id='line_1_16' title="bbox 960 3001 2915 3088; baseline 0.001 -20"><span class='ocrx_word' id='word_1_123' title='bbox 960 3001 1072 3087; x_wconf 87' lang='lat' dir='ltr'><strong>qui</strong></span> <span class='ocrx_word' id='word_1_124' title='bbox 1115 3022 1246 3069; x_wconf 87' lang='lat' dir='ltr'><strong>non</strong></span> <span class='ocrx_word' id='word_1_125' title='bbox 1289 3002 1495 3070; x_wconf 82' lang='lat' dir='ltr'><strong>habet</strong></span> <span class='ocrx_word' id='word_1_126' title='bbox 1536 3007 1603 3069; x_wconf 83' lang='lat' dir='ltr'><strong>et</strong></span> <span class='ocrx_word' id='word_1_127' title='bbox 1640 3002 1814 3086; x_wconf 83' lang='lat' dir='ltr'><strong>qnod</strong></span> <span class='ocrx_word' id='word_1_128' title='bbox 2284 3001 2412 3070; x_wconf 75' lang='lat' dir='ltr'><strong>dns</strong></span> <span class='ocrx_word' id='word_1_129' title='bbox 2456 3021 2726 3088; x_wconf 86' lang='lat' dir='ltr'><strong>operam</strong></span> <span class='ocrx_word' id='word_1_130' title='bbox 2772 3001 2915 3070; x_wconf 83' lang='lat' dir='ltr'><strong>eius</strong></span> 
     </span>
     <span class='ocr_line' id='line_1_17' title="bbox 958 3148 2985 3278; baseline 0 -59"><span class='ocrx_word' id='word_1_131' title='bbox 958 3152 1161 3222; x_wconf 85' lang='lat' dir='ltr'><strong>habet</strong></span> <span class='ocrx_word' id='word_1_132' title='bbox 1202 3154 1535 3222; x_wconf 83' lang='lat' dir='ltr'><strong>auferetur</strong></span> <span class='ocrx_word' id='word_1_133' title='bbox 1578 3154 1664 3221; x_wconf 87' lang='lat' dir='ltr'><strong>ab</strong></span> <span class='ocrx_word' id='word_1_134' title='bbox 2074 3148 2223 3278; x_wconf 54' lang='grc' dir='ltr'><strong>10Βέ</strong></span> <span class='ocrx_word' id='word_1_135' title='bbox 2284 3154 2622 3224; x_wconf 75' lang='lat' dir='ltr'><strong>desiderat</strong></span> <span class='ocrx_word' id='word_1_136' title='bbox 2662 3153 2985 3223; x_wconf 75' lang='lat' dir='ltr'><strong>Abierant</strong></span> 
     </span>
     <span class='ocr_line' id='line_1_18' title="bbox 749 3286 3025 3438; baseline 0.001 -66"><span class='ocrx_word' id='word_1_137' title='bbox 749 3308 898 3438; x_wconf 50' lang='grc' dir='ltr'><strong>ἔξω</strong></span> <span class='ocrx_word' id='word_1_138' title='bbox 956 3305 1074 3373; x_wconf 87' lang='lat' dir='ltr'><strong>illo</strong></span> <span class='ocrx_word' id='word_1_139' title='bbox 1118 3306 1296 3374; x_wconf 72' lang='lat' dir='ltr'><strong>Ueni</strong></span> <span class='ocrx_word' id='word_1_140' title='bbox 1333 3313 1555 3374; x_wconf 85' lang='lat' dir='ltr'><strong>tamen</strong></span> <span class='ocrx_word' id='word_1_141' title='bbox 1597 3307 1666 3373; x_wconf 89' lang='lat' dir='ltr'><strong>in</strong></span> <span class='ocrx_word' id='word_1_142' title='bbox 2074 3286 2249 3433; x_wconf 46' lang='lat'><strong>{3²33</strong></span> <span class='ocrx_word' id='word_1_143' title='bbox 2282 3315 2434 3376; x_wconf 73' lang='lat' dir='ltr'><strong>aute</strong></span> <span class='ocrx_word' id='word_1_144' title='bbox 2481 3306 2593 3393; x_wconf 83' lang='lat' dir='ltr'><strong>qui</strong></span> <span class='ocrx_word' id='word_1_145' title='bbox 2638 3306 2790 3375; x_wconf 84' lang='lat' dir='ltr'><strong>misi</strong></span> <span class='ocrx_word' id='word_1_146' title='bbox 2835 3313 3025 3375; x_wconf 82' lang='lat' dir='ltr'><strong>erant</strong></span> 
     </span>
     <span class='ocr_line' id='line_1_19' title="bbox 749 3445 2993 3541; baseline -0 -15"><span class='ocrx_word' id='word_1_147' title='bbox 749 3445 924 3541; x_wconf 51' lang='lat'>„⁵273</span> <span class='ocrx_word' id='word_1_148' title='bbox 955 3457 1186 3527; x_wconf 87' lang='lat' dir='ltr'><strong>imioos</strong></span> <span class='ocrx_word' id='word_1_149' title='bbox 1229 3478 1411 3527; x_wconf 84' lang='lat' dir='ltr'><strong>meos</strong></span> <span class='ocrx_word' id='word_1_150' title='bbox 1454 3458 1607 3527; x_wconf 88' lang='lat' dir='ltr'><strong>illos</strong></span> <span class='ocrx_word' id='word_1_151' title='bbox 2280 3468 2349 3528; x_wconf 84' lang='lat' dir='ltr'><strong>et</strong></span> <span class='ocrx_word' id='word_1_152' title='bbox 2389 3461 2784 3529; x_wconf 78' lang='lat' dir='ltr'><strong>inuenerunt</strong></span> <span class='ocrx_word' id='word_1_153' title='bbox 2824 3458 2993 3527; x_wconf 83' lang='lat' dir='ltr'><strong>siout</strong></span> 
     </span>
     <span class='ocr_line' id='line_1_20' title="bbox 953 3610 3038 3699; baseline -0.001 -20"><span class='ocrx_word' id='word_1_154' title='bbox 953 3610 1065 3694; x_wconf 85' lang='lat' dir='ltr'><strong>qui</strong></span> <span class='ocrx_word' id='word_1_155' title='bbox 1110 3611 1461 3681; x_wconf 78' lang='lat' dir='ltr'><strong>noiuerunt</strong></span> <span class='ocrx_word' id='word_1_156' title='bbox 1500 3632 1606 3681; x_wconf 89' lang='lat' dir='ltr'><strong>me</strong></span> <span class='ocrx_word' id='word_1_157' title='bbox 1649 3632 1771 3699; x_wconf 76' lang='lat' dir='ltr'><strong>reg</strong></span> <span class='ocrx_word' id='word_1_158' title='bbox 2281 3611 2452 3680; x_wconf 81' lang='lat' dir='ltr'><strong>dixit</strong></span> <span class='ocrx_word' id='word_1_159' title='bbox 2486 3612 2623 3680; x_wconf 86' lang='lat' dir='ltr'><strong>illis</strong></span> <span class='ocrx_word' id='word_1_160' title='bbox 2665 3618 2883 3682; x_wconf 72' lang='lat' dir='ltr'><strong>stante</strong></span> <span class='ocrx_word' id='word_1_161' title='bbox 2925 3611 3038 3697; x_wconf 86' lang='lat' dir='ltr'><strong>pul</strong></span> 
     </span>
     <span class='ocr_line' id='line_1_21' title="bbox 952 3760 3017 3849; baseline 0 -20"><span class='ocrx_word' id='word_1_162' title='bbox 952 3783 1113 3832; x_wconf 88' lang='lat' dir='ltr'><strong>nare</strong></span> <span class='ocrx_word' id='word_1_163' title='bbox 1156 3783 1356 3849; x_wconf 86' lang='lat' dir='ltr'><strong>snper</strong></span> <span class='ocrx_word' id='word_1_164' title='bbox 1397 3785 1474 3833; x_wconf 88' lang='lat' dir='ltr'><strong>se</strong></span> <span class='ocrx_word' id='word_1_165' title='bbox 1516 3760 1758 3833; x_wconf 73' lang='lat' dir='ltr'><strong>addtioi</strong></span> <span class='ocrx_word' id='word_1_166' title='bbox 2105 3763 2191 3832; x_wconf 85' lang='lat'><strong>33</strong></span> <span class='ocrx_word' id='word_1_167' title='bbox 2275 3766 2346 3832; x_wconf 76' lang='lat' dir='ltr'><strong>lfi</strong></span> <span class='ocrx_word' id='word_1_168' title='bbox 2392 3764 2739 3834; x_wconf 85' lang='lat' dir='ltr'><strong>soluentib&#39;</strong></span> <span class='ocrx_word' id='word_1_169' title='bbox 2782 3764 2844 3830; x_wconf 87' lang='lat' dir='ltr'><strong>h&#39;</strong></span> <span class='ocrx_word' id='word_1_170' title='bbox 2881 3762 3017 3831; x_wconf 90' lang='lat' dir='ltr'><strong>illis</strong></span> 
     </span>
     <span class='ocr_line' id='line_1_22' title="bbox 955 3914 3206 4003; baseline 0 -21"><span class='ocrx_word' id='word_1_171' title='bbox 955 3922 1021 3982; x_wconf 78' lang='lat' dir='ltr'><strong>te</strong></span> <span class='ocrx_word' id='word_1_172' title='bbox 1064 3914 1192 3982; x_wconf 84' lang='lat' dir='ltr'><strong>huo</strong></span> <span class='ocrx_word' id='word_1_173' title='bbox 1231 3921 1299 3984; x_wconf 85' lang='lat' dir='ltr'><strong>et</strong></span> <span class='ocrx_word' id='word_1_174' title='bbox 1339 3916 1705 3984; x_wconf 78' lang='lat' dir='ltr'><strong>interficete</strong></span> <span class='ocrx_word' id='word_1_175' title='bbox 2277 3917 2465 4003; x_wconf 69' lang='lat' dir='ltr'>pulli</span> <span class='ocrx_word' id='word_1_176' title='bbox 2506 3917 2726 3987; x_wconf 71' lang='lat' dir='ltr'><strong>dixeri:</strong></span> <span class='ocrx_word' id='word_1_177' title='bbox 2766 3914 3014 3984; x_wconf 87' lang='lat' dir='ltr'><strong>domini</strong></span> <span class='ocrx_word' id='word_1_178' title='bbox 3060 3915 3206 3983; x_wconf 85' lang='lat' dir='ltr'><strong>eius</strong></span> 
     </span>
     <span class='ocr_line' id='line_1_23' title="bbox 780 4067 3015 4140; baseline -0 -5"><span class='ocrx_word' id='word_1_179' title='bbox 780 4070 865 4135; x_wconf 84' lang='lat'><strong>28</strong></span> <span class='ocrx_word' id='word_1_180' title='bbox 952 4073 1125 4135; x_wconf 80' lang='lat' dir='ltr'><strong>ante</strong></span> <span class='ocrx_word' id='word_1_181' title='bbox 1149 4086 1256 4134; x_wconf 86' lang='lat' dir='ltr'><strong>me</strong></span> <span class='ocrx_word' id='word_1_182' title='bbox 1300 4075 1367 4135; x_wconf 85' lang='lat' dir='ltr'><strong>et</strong></span> <span class='ocrx_word' id='word_1_183' title='bbox 1408 4067 1515 4135; x_wconf 88' lang='lat' dir='ltr'><strong>his</strong></span> <span class='ocrx_word' id='word_1_184' title='bbox 1558 4067 1755 4135; x_wconf 79' lang='lat' dir='ltr'><strong>dietis</strong></span> <span class='ocrx_word' id='word_1_185' title='bbox 2105 4069 2189 4137; x_wconf 83' lang='lat'><strong>35</strong></span> <span class='ocrx_word' id='word_1_186' title='bbox 2276 4069 2485 4138; x_wconf 60' lang='lat' dir='ltr'><strong>marini</strong></span> <span class='ocrx_word' id='word_1_187' title='bbox 2528 4070 2730 4140; x_wconf 84' lang='lat' dir='ltr'><strong>habet</strong></span> <span class='ocrx_word' id='word_1_188' title='bbox 2772 4074 2841 4137; x_wconf 85' lang='lat' dir='ltr'><strong>et</strong></span> <span class='ocrx_word' id='word_1_189' title='bbox 2880 4068 3015 4136; x_wconf 85' lang='lat' dir='ltr'><strong>dux</strong></span> 
     </span>
     <span class='ocr_line' id='line_1_24' title="bbox 949 4217 3044 4305; baseline 0.002 -21"><span class='ocrx_word' id='word_1_190' title='bbox 949 4217 1366 4305; x_wconf 69' lang='lat' dir='ltr'><strong>praeoedebat</strong></span> <span class='ocrx_word' id='word_1_191' title='bbox 1409 4238 1606 4287; x_wconf 85' lang='lat' dir='ltr'><strong>asoen</strong></span> <span class='ocrx_word' id='word_1_192' title='bbox 2273 4230 2465 4291; x_wconf 81' lang='lat' dir='ltr'><strong>erunt</strong></span> <span class='ocrx_word' id='word_1_193' title='bbox 2506 4222 2627 4291; x_wconf 82' lang='lat' dir='ltr'><strong>illii</strong></span> <span class='ocrx_word' id='word_1_194' title='bbox 2671 4221 2762 4289; x_wconf 77' lang='lat' dir='ltr'><strong>ad</strong></span> <span class='ocrx_word' id='word_1_195' title='bbox 2803 4220 2939 4288; x_wconf 66' lang='lat' dir='ltr'><strong>ihm</strong></span> <span class='ocrx_word' id='word_1_196' title='bbox 2976 4230 3044 4288; x_wconf 85' lang='lat' dir='ltr'><strong>et</strong></span> 
     </span>
     <span class='ocr_line' id='line_1_25' title="bbox 949 4371 2813 4458; baseline 0.001 -19"><span class='ocrx_word' id='word_1_197' title='bbox 949 4371 1113 4439; x_wconf 87' lang='lat' dir='ltr'><strong>dens</strong></span> <span class='ocrx_word' id='word_1_198' title='bbox 1157 4371 1227 4439; x_wconf 89' lang='lat' dir='ltr'><strong>in</strong></span> <span class='ocrx_word' id='word_1_199' title='bbox 1270 4371 1717 4458; x_wconf 76' lang='lat' dir='ltr'><strong>hierosolyma</strong></span> <span class='ocrx_word' id='word_1_200' title='bbox 2273 4376 2599 4444; x_wconf 76' lang='lat' dir='ltr'><strong>iactantes</strong></span> <span class='ocrx_word' id='word_1_201' title='bbox 2640 4375 2813 4443; x_wconf 79' lang='lat' dir='ltr'><strong>nesti</strong></span> 
     </span>
     <span class='ocr_line' id='line_1_26' title="bbox 738 4525 2901 4662; baseline 0 -70"><span class='ocrx_word' id='word_1_202' title='bbox 738 4530 882 4662; x_wconf 47' lang='grc' dir='ltr'><strong>ἐξ,</strong></span> <span class='ocrx_word' id='word_1_203' title='bbox 945 4525 1032 4592; x_wconf 89' lang='lat' dir='ltr'><strong>Et</strong></span> <span class='ocrx_word' id='word_1_204' title='bbox 1072 4525 1317 4594; x_wconf 79' lang='lat' dir='ltr'><strong>factum</strong></span> <span class='ocrx_word' id='word_1_205' title='bbox 1357 4531 1459 4592; x_wconf 73' lang='lat' dir='ltr'><strong>est</strong></span> <span class='ocrx_word' id='word_1_206' title='bbox 1502 4545 1649 4593; x_wconf 83' lang='lat' dir='ltr'><strong>oum</strong></span> <span class='ocrx_word' id='word_1_207' title='bbox 2271 4533 2495 4595; x_wconf 83' lang='lat' dir='ltr'><strong>menta</strong></span> <span class='ocrx_word' id='word_1_208' title='bbox 2534 4546 2659 4595; x_wconf 83' lang='lat' dir='ltr'><strong>sua</strong></span> <span class='ocrx_word' id='word_1_209' title='bbox 2699 4547 2901 4613; x_wconf 83' lang='lat' dir='ltr'><strong>supra</strong></span> 
     </span>
     <span class='ocr_line' id='line_1_27' title="bbox 737 4668 2809 4766; baseline -0 -20"><span class='ocrx_word' id='word_1_210' title='bbox 737 4668 784 4712; x_wconf 81' lang='lat'><strong>¹⁰</strong></span> <span class='ocrx_word' id='word_1_211' title='bbox 808 4668 888 4763; x_wconf 77' lang='lat'><strong>²2³²</strong></span> <span class='ocrx_word' id='word_1_212' title='bbox 946 4675 1543 4764; x_wconf 72' lang='lat' dir='ltr'><strong>adpropinquasset</strong></span> <span class='ocrx_word' id='word_1_213' title='bbox 2266 4678 2452 4764; x_wconf 78' lang='lat' dir='ltr'><strong>pullti</strong></span> <span class='ocrx_word' id='word_1_214' title='bbox 2497 4678 2809 4766; x_wconf 84' lang='lat' dir='ltr'><strong>inposuer</strong></span> 
     </span>
     <span class='ocr_line' id='line_1_28' title="bbox 739 4769 2889 4953; baseline -0.002 -54"><span class='ocrx_word' id='word_1_215' title='bbox 739 4774 812 4866; x_wconf 49' lang='grc' dir='ltr'><strong>ἒξ</strong></span> <span class='ocrx_word' id='word_1_216' title='bbox 832 4769 917 4867; x_wconf 57' lang='lat' dir='ltr'>ffl</span> <span class='ocrx_word' id='word_1_217' title='bbox 944 4830 1030 4899; x_wconf 90' lang='lat' dir='ltr'><strong>ad</strong></span> <span class='ocrx_word' id='word_1_218' title='bbox 1075 4831 1389 4917; x_wconf 79' lang='lat' dir='ltr'><strong>bethfage</strong></span> <span class='ocrx_word' id='word_1_219' title='bbox 2267 4849 2290 4899; x_wconf 83' lang='lat'><strong>†</strong></span> <span class='ocrx_word' id='word_1_220' title='bbox 2316 4769 2889 4953; x_wconf 44' lang='lat' dir='ltr'><strong>fflgffiffiddffiugfifft</strong></span> 
     </span>
    </p>
   </div>
   <div class='ocr_carea' id='block_1_3' title="bbox 2093 4941 2786 5007">
    <p class='ocr_par' dir='ltr' id='par_1_3' title="bbox 2093 4941 2786 5007">
     <span class='ocr_line' id='line_1_29' title="bbox 2093 4941 2786 5007; baseline 0.001 -10"><span class='ocrx_word' id='word_1_221' title='bbox 2093 4941 2180 5007; x_wconf 80' lang='grc'><strong>34</strong></span> <span class='ocrx_word' id='word_1_222' title='bbox 2316 4952 2428 5004; x_wconf 76' lang='lat' dir='ltr'><strong>quia</strong></span> <span class='ocrx_word' id='word_1_223' title='bbox 2452 4950 2786 4999; x_wconf 63' lang='lat' dir='ltr'><strong>ditonum</strong></span> 
     </span>
    </p>
   </div>
   <div class='ocr_carea' id='block_1_4' title="bbox 3611 4746 3618 5685">
    <p class='ocr_par' dir='ltr' id='par_1_4' title="bbox 3611 4746 3618 5685">
     <span class='ocr_line' id='line_1_30' title="bbox 3611 4746 3618 5685; baseline 0 0"><span class='ocrx_word' id='word_1_224' title='bbox 3611 4746 3618 5685; x_wconf 95' lang='lat' dir='ltr'><strong> </strong></span> 
     </span>
    </p>
   </div>
  </div>
 </body>
</html>
