3634 5717
352 657 472 725 Fol
522 659 645 726 125

392 857 473 922 12
559 865 672 949 8ρέ
717 865 890 932 enim
936 873 1044 933 see
1086 867 1249 933 doee

558 1015 654 1083 bit
698 1037 815 1084 uos
860 1020 927 1085 in
973 1020 1122 1105 ipsa
1167 1021 1330 1086 hora

555 1191 698 1255 quae
742 1180 1044 1258 oporteat
1085 1174 1305 1240 dieere

348 1317 491 1446 3³30
557 1323 668 1390 Ait
713 1333 865 1392 aute
910 1326 1175 1410 quidam
1222 1327 1283 1394 ei
1323 1328 1407 1393 de

291 1474 296 1479 «
347 1454 393 1497 1ο
417 1453 496 1498 149

399 1504 452 1548 10
558 1479 749 1545 turba
795 1481 1114 1563 magister
1157 1478 1266 1546 die

555 1631 743 1698 fratri
787 1652 933 1699 meo
978 1640 1049 1699 ut
1093 1632 1351 1700 diuidat

557 1787 744 1852 meefi
790 1784 1161 1853 hereditate

388 1930 467 1994 14
554 1946 622 2005 at
663 1938 778 2007 ille
824 1938 995 2006 dixit
1039 1939 1101 2005 ei
1140 1940 1336 2007 homo

554 2093 698 2177 quis
742 2113 848 2159 me
892 2092 1231 2160 constituit

555 2247 770 2314 iudice
815 2254 927 2313 aut
947 2218 1259 2314 'diuisore

385 2392 464 2457 15
550 2422 747 2487 super
788 2420 906 2468 vos
951 2399 1178 2485 dixitq'
1224 2399 1308 2465 ad

552 2556 700 2622 illos
744 2555 966 2622 uidete
1011 2561 1077 2621 et
1118 2574 1280 2621 eaue

550 2716 616 2775 te
657 2708 740 2775 ab
787 2707 963 2774 omni
1010 2707 1293 2774 auaritia

551 2861 706 2945 quia
747 2880 879 2927 non
918 2860 983 2925 in
1029 2859 1382 2927 habandan

548 3015 643 3081 tia
687 3013 1066 3098 cuiusquam
1108 3013 1252 3080 uita

547 3167 686 3234 eius
732 3173 833 3233 est
876 3188 959 3234 ex
1002 3165 1108 3232 his
1154 3186 1297 3252 quae

379 3325 459 3389 16
545 3313 843 3406 possidet
886 3320 1056 3386 dixit
1100 3326 1250 3387 aute
1379 3404 1392 3409 -

546 3473 975 3540 similitudine
1021 3472 1108 3541 ad
1152 3473 1304 3539 illos

545 3626 770 3694 dicens
814 3626 1100 3694 hominis
1145 3625 1326 3693 euius

548 3778 699 3879 dam
746 3779 975 3847 diuitis
1018 3780 1252 3846 uberes
1295 3781 1355 3844 fr

381 3936 455 4000 17
544 3939 728 3999 uetus
766 3954 928 4018 ager
972 3933 1210 4000 adtulit
1253 3939 1320 3999 et

545 4074 881 4171 cogitabat
925 4086 1100 4152 intra
1143 4105 1215 4153 se
1261 4084 1327 4151 di

546 4258 700 4305 oeus
746 4238 901 4323 quid
946 4239 1122 4306 facia
1165 4238 1338 4324 quod

544 4410 672 4456 nou
717 4391 931 4458 habeo
976 4412 1102 4476 quo
1143 4412 1387 4477 eougre

628 4552 711 4629 ge
758 4546 1001 4610 fruetus
1047 4565 1226 4610 meos

1463 662 1779 730 L0012

1708 869 1783 932 18

1701 1632 1778 1696 19

1694 2397 1779 2462 20

1688 3010 1762 3073 21

1653 3316 1802 3445 1021250

1653 3506 1724 3547 mt
1731 3453 1800 3547 550

1689 4231 1771 4295 23

2770 666 2895 732 247

1873 874 1939 934 et
1982 868 2152 934 dixit
2195 869 2320 935 hoe
2362 868 2536 936 facia
2581 866 2664 933 de

1871 1027 2051 1087 strue
2091 1022 2330 1088 horrea
2371 1041 2521 1087 mea
2563 1027 2630 1089 et

1870 1174 2126 1241 maiora
2168 1174 2343 1241 faeie.
2387 1182 2452 1241 et
2496 1175 2653 1240 illue
2701 1194 2823 1240 eon

1870 1328 2163 1412 gregabo
2209 1327 2432 1395 omnia
2468 1347 2610 1411 quae

1872 1487 2031 1547 nata
2073 1487 2225 1547 sunt
2269 1480 2431 1546 mihi
2476 1487 2542 1546 et
2584 1480 2760 1547 bona

1867 1654 2017 1700 mea
2055 1641 2122 1700 et
2163 1633 2378 1700 dicam
2425 1632 2687 1701 animae

1870 1807 2056 1854 meae
2101 1788 2324 1853 anima
2366 1787 2570 1853 habes
2615 1788 2745 1853 mvl

1866 1946 1937 2006 ta
1977 1942 2153 2007 bona
2195 1941 2416 2027 posita
2459 1942 2527 2006 in
2574 1960 2780 2008 annos

1867 2094 2182 2179 plurimos
2221 2115 2532 2178 requesee

1868 2247 2137 2314 comede
2181 2228 2341 2314 bibe
2378 2263 2561 2333 aepu·

1864 2402 2024 2469 lare.
2068 2399 2237 2467 dixit
2281 2407 2431 2467 aute
2477 2399 2580 2466 illi

1862 2553 1941 2619 de
1981 2555 2179 2621 stulte
2221 2555 2349 2620 hae
2391 2559 2582 2620 noete

1863 2707 2085 2774 animis
2127 2714 2304 2775 tuam
2349 2712 2656 2792 repetunt
2699 2726 2742 2770 a
2785 2711 2850 2770 te

1865 2882 2007 2947 quae
2054 2867 2203 2928 aute
2248 2860 2500 2947 parasti
2544 2859 2725 2926 euius

1862 3022 2051 3083 erunt
2089 3017 2187 3082 sie
2230 3022 2333 3081 est
2376 3014 2487 3099 qui
2531 3012 2658 3079 eibi

1862 3168 2263 3236 thesaurizat
2307 3173 2374 3234 et
2416 3187 2545 3234 non
2588 3172 2688 3232 est

1863 3322 1931 3387 in
1979 3320 2085 3387 dm
2133 3321 2321 3387 diues
2367 3318 2613 3403 Dixitq'
2659 3316 2743 3384 ad

1863 3474 2223 3558 discipulos
2268 3492 2420 3539 suos
2466 3472 2615 3538 ideo

1862 3625 2009 3692 dieo
2054 3626 2242 3692 uobis
2288 3625 2492 3692 nolite
2536 3624 2686 3691 solli

1859 3780 1973 3845 eiti
2018 3798 2165 3846 esse
2209 3779 2470 3845 animae
2514 3776 2671 3863 quid

1860 3931 2270 4025 manducetis
2315 3952 2527 4016 neque
2570 3951 2680 3997 eor

1859 4087 2002 4172 pori
2049 4086 2205 4171 quid
2248 4083 2626 4153 uestiamini

1859 4240 2082 4306 anima
2124 4240 2272 4325 plus
2316 4245 2417 4305 est
2460 4242 2588 4323 quai
2627 4256 2698 4303 es

1738 4404 1744 4411 ’
1858 4412 1936 4458 ea
1979 4399 2045 4459 et
2089 4412 2324 4477 eorpus
2369 4402 2496 4476 quii
2537 4389 2708 4456 uenti

1683 4530 1766 4600 221

1856 4545 2076 4610 mentu
2121 4542 2535 4611 considerate
