3634 5717
634 644 755 710 116

837 844 1145 930 discipuli
1189 843 1330 911 eius
1375 850 1442 911 et
1485 845 1551 910 fv

836 1003 1059 1063 rentur
1103 1018 1251 1065 eum
1295 1003 1362 1063 et
1405 996 1476 1063 di

835 1154 988 1214 eant
1030 1148 1210 1232 plebi
1253 1167 1483 1215 surrex

836 1300 890 1365 it
932 1322 975 1367 a
1017 1300 1288 1366 mortuis
1335 1306 1402 1366 et
1446 1299 1571 1366 erit

837 1450 1230 1518 nouissimus
1270 1471 1450 1518 error

662 1601 745 1666 65
838 1602 1026 1687 peior
1069 1602 1274 1686 priori
1318 1602 1414 1668 ait
1456 1602 1502 1666 il

837 1754 921 1820 lis
965 1753 1210 1838 pilatus
1255 1752 1512 1819 habetis
1556 1773 1670 1819 eus

839 1904 1027 1971 tedes
1063 1903 1155 1971 ite
1199 1903 1522 1971 custodite

669 2060 753 2125 66
839 2058 1010 2124 sieut
1051 2057 1235 2123 scitis
1276 2056 1378 2122 illi
1423 2061 1574 2122 aute

841 2209 1155 2276 abeuntes
1203 2207 1574 2274 munierunt

839 2359 1192 2444 sepulehn‘l
1238 2358 1477 2444 signan

841 2517 941 2577 tes
984 2510 1210 2595 lapide
1256 2530 1401 2576 eum
1446 2529 1559 2577 eus

845 2661 1106 2728 todibus
1184 2750 1189 2755 =

644 2820 695 2885 G
717 2822 800 2886 28
840 2813 1142 2917 pespere
1186 2819 1337 2879 aute
1382 2812 1502 2880 sab

604 2905 815 3052 {¹555}
846 2964 985 3030 bati
1028 2983 1172 3048 quae
1211 2963 1485 3030 lueeseit
1526 2962 1596 3027 in

641 3060 815 3208 Ξτξξέο
850 3114 1064 3198 prima
1107 3113 1367 3180 sabbati
1411 3113 1594 3180 uenit

849 3263 1062 3330 maria
1102 3264 1498 3349 magdalene
1560 3285 1577 3302 ·

848 3423 915 3482 et
942 3417 1172 3484 -altera
1213 3414 1423 3482 maria
1466 3414 1619 3481 uide

717 3587 759 3652 2
847 3590 918 3637 re
958 3568 1314 3653 sepulchrfi
1353 3574 1421 3634 et
1464 3587 1539 3633 ee

849 3743 923 3790 ee
968 3728 1159 3789 terrae
1203 3724 1416 3784 motus
1459 3719 1564 3784 fae

848 3878 952 3937 tus
998 3877 1119 3936 est‘
1138 3889 1416 3952 magnus

852 4022 1127 4105 angelus
1177 4020 1351 4086 enim
1396 4017 1512 4083 dfii

851 4170 1192 4238 deseendit
1235 4169 1318 4236 de
1363 4170 1522 4236 eaelo
1565 4176 1632 4237 et

852 4320 1172 4388 accedens
1220 4320 1499 4387 reuoluit

851 4469 1077 4555 lapide
1125 4476 1191 4536 et
1233 4469 1507 4536 sedebat

1019 4641 1216 4706 super
1259 4641 1406 4688 eum

1678 642 1772 708 Mt
1815 642 1867 707 G
1910 644 1990 708 27
2036 643 2120 708 28

1953 1374 2022 1415 mt
2045 1370 2124 1415 354

1951 1423 2124 1569 &323²
2157 1446 2392 1514 timore
2435 1455 2588 1515 aute
2629 1446 2770 1515 eius

2155 1600 2452 1666 exterriti
2496 1607 2648 1666 sunt

2027 845 2069 908 3
2159 850 2300 910 erat
2343 850 2493 911 aute
2540 849 2845 929 aspeetvs

2156 992 2296 1060 eius
2341 995 2511 1061 sieut
2547 994 2773 1079 furgor

2155 1151 2222 1211 et
2260 1146 2659 1212 uestimentu

2159 1297 2300 1364 eius
2345 1296 2515 1364 sieut
2553 1296 2671 1362 nix
2712 1297 2838 1363 Pre

2142 1752 2459 1840 ⁸custodes
2503 1759 2570 1818 et
2613 1750 2769 1818 faeti

2159 1910 2311 1969 sunt
2353 1904 2533 1970 uelut
2575 1903 2808 1968 moi-tvi

2159 2054 2566 2139 respondens
2609 2074 2692 2122 au

2160 2214 2225 2273 te
2281 2207 2559 2291 angelus
2604 2205 2774 2272 dixit

2160 2358 2477 2425 mulierib'
2522 2357 2725 2423 nolite

2161 2510 2391 2576 timere
2429 2529 2547 2575 uos
2593 2509 2730 2575 seio

2164 2672 2272 2728 eni
2318 2660 2492 2746 quod
2532 2659 2666 2725 ihffi
2712 2660 2822 2743 qui

2162 2811 2506 2880 crucifixus
2551 2817 2652 2879 est
2694 2830 2822 2895 qve

2162 2962 2306 3029 ritis
2348 2982 2481 3028 non
2526 2970 2627 3029 est
2667 2962 2777 3029 hie

2162 3116 2447 3183 surrexit
2491 3126 2598 3183 eni
2642 3113 2811 3181 sicvt

2164 3268 2333 3333 dixit
2376 3267 2598 3335 uenite
2641 3273 2708 3334 et
2749 3266 2818 3332 ui

2168 3419 2320 3485 dete
2364 3418 2514 3484 loesi
2558 3416 2670 3483 ubi
2713 3437 2798 3501 po

2166 3571 2331 3637 situs
2376 3575 2518 3636 erat
2560 3567 2686 3634 dfis
2731 3574 2797 3635 et

2164 3722 2295 3788 cito
2339 3726 2567 3787 euntes
2611 3719 2744 3786 diei

2165 3880 2232 3939 te
2277 3870 2619 3955 discipulis
2665 3868 2803 3937 eius

2165 4022 2321 4106 quia
2363 4021 2645 4089 surrexit
2689 4044 2732 4089 8
2773 4042 2914 4089 mor

2166 4172 2295 4239 tuis
2341 4179 2407 4239 et
2449 4193 2603 4240 ecee
2645 4193 2782 4258 prae
2875 4207 2890 4220 ·

2169 4323 2347 4389 cedit
2387 4341 2505 4388 uos
2551 4322 2618 4388 in
2664 4323 2802 4408 gali

2168 4474 2274 4541 lea
2318 4473 2408 4539 ibi
2449 4492 2594 4538 eum
2638 4472 2860 4541 uidebi

2471 4625 2557 4694 tis
