3634 5717
379 663 496 727 Fol
541 665 624 727 70

421 866 502 930 19

419 2532 491 2596 21

382 2618 445 2662 Βι·
469 2618 520 2660 15

381 2684 452 2714 mr
476 2670 529 2712 49

384 2771 527 2867 ιιιέιὸἒδ

415 3751 498 3814 23

591 874 660 934 ut
706 874 880 934 esset
923 886 1067 932 oum
1113 864 1227 929 illo
1276 863 1377 928 ihs
1423 885 1501 930 ue

583 1040 655 1084 ro
701 1039 830 1084 non
878 1018 1177 1103 permisit
1220 1016 1281 1082 oi
1326 1015 1443 1082 sed

585 1172 680 1238 ait
724 1172 824 1237 illi
870 1170 1041 1237 uado
1084 1170 1152 1235 in
1192 1169 1389 1234 domii
1438 1175 1549 1234 tuiz

585 1323 668 1390 ad
717 1331 862 1389 tuos
909 1329 975 1388 et
1019 1320 1340 1387 adnuntia
1380 1321 1424 1384 il

583 1476 666 1540 lis
713 1481 958 1559 quanta
1000 1472 1119 1538 tibi
1165 1472 1289 1560 dfrs
1330 1474 1470 1539 foce

584 1628 671 1693 rit
714 1634 780 1694 et
826 1629 1129 1694 misertus
1173 1625 1260 1692 sit
1304 1625 1398 1692 tui

591 1780 703 1845 ille
749 1800 903 1846 uero
950 1798 1253 1864 egressus
1291 1799 1408 1843 ooe

586 1933 685 2017 pit
727 1930 1089 2018 praedioare
1133 1931 1201 1995 in
1248 1929 1415 1995 deca

585 2083 721 2169 po'li
766 2090 1014 2168 quanta
1056 2082 1182 2148 sibi
1229 2082 1389 2149 fecis

585 2243 688 2304 set
732 2235 835 2301 ihs
871 2241 938 2303 et
981 2255 1207 2301 omnes
1252 2233 1340 2298 mi

585 2389 896 2456 rabantur

588 2541 672 2606 Et
714 2560 857 2607 oum
904 2538 1251 2637 transisset

587 2694 691 2775 ihi}
735 2693 803 2759 in
849 2693 1003 2760 naui
1048 2692 1236 2757 rursfi
1284 2696 1465 2757 trans

585 2847 756 2913 frotfi
803 2844 1110 2912 conuenit
1155 2850 1258 2909 tur

586 2998 672 3065 ba
715 2997 920 3063 multa
964 2993 1051 3062 ad
1096 2995 1214 3060 illfi
1262 2994 1437 3064 circa

592 3170 771 3216 mare
817 3155 884 3215 ot
927 3147 1109 3214 uenit
1152 3110 1352 3230 quida

587 3302 668 3368 de
698 3298 1264 3385 »archisynagogis

582 3454 846 3520 nomino
892 3452 1094 3520 iairus
1139 3459 1205 3517 et
1250 3452 1315 3516 ui

585 3605 748 3671 dous
794 3606 876 3671 εὖ
923 3602 1220 3689 procedit
1264 3602 1350 3668 ad

585 3755 789 3840 pedes
834 3755 974 3821 eius
1019 3761 1084 3821 ot
1129 3754 1351 3839 deprae

586 3910 858 3976 (sabatur
902 3910 984 3974 eti
1031 3909 1237 3974 multfl
1285 3906 1352 3971 di

584 4081 738 4126 oens
786 4072 912 4143 quo
956 4059 1095 4127 filia
1140 4081 1288 4126 mea
1333 4060 1398 4125 in

584 4211 894 4277 extremis
940 4217 1042 4276 est
1085 4211 1237 4277 ueni
1282 4213 1348 4276 in

584 4383 755 4446 pono
801 4346 1000 4429 nianfi
1043 4383 1241 4447 super
1286 4375 1365 4428 esa.

592 4521 660 4580 ut
704 4515 893 4580 salua
936 4513 1023 4579 sit
1069 4521 1137 4580 et
1175 4513 1355 4579 uiuet

1505 661 1774 729 Mer

2804 666 2917 730 137

1735 867 1822 932 24
1908 875 1974 936 et
2018 867 2184 934 abiit
2228 889 2368 934 oum
2417 869 2532 933 illo
2579 874 2643 933 et
2686 887 2757 932 se

1733 1309 1818 1373 25

1729 1633 1814 1698 26

1732 2382 1814 2447 27

1907 1021 2158 1104 q'batm·
2202 1040 2349 1086 oum
2396 1019 2586 1086 turba
2629 1021 2759 1085 mvl

1908 1178 1977 1239 ta
2020 1178 2087 1237 ot
2129 1172 2626 1256 oonprimebant

1905 1333 1986 1389 osi
2033 1329 2101 1389 ot
2146 1323 2377 1389 mulier
2420 1345 2564 1407 quae
2607 1332 2750 1392 erat

1905 1476 1971 1540 in
2011 1473 2330 1559 profluuio
2376 1476 2720 1560 sanguinis

1903 1628 2096 1696 annis
2142 1642 2250 1691 XII
2296 1633 2362 1692 et
2406 1629 2618 1694 fuerat
2664 1630 2792 1693 mul

1906 1788 1977 1846 ta
2021 1798 2222 1864 passa
2264 1800 2308 1843 a
2351 1779 2583 1863 plurib'
2627 1781 2800 1885 medi

1904 1932 2000 1999 oie
2045 1937 2110 1997 et
2155 1939 2546 2013 eroganerat
2590 1953 2693 1998 om

1907 2085 2020 2151 nia
2062 2104 2183 2150 sua
2227 2092 2293 2151 et
2337 2106 2460 2152 neo
2504 2084 2783 2168 quicqua

1905 2224 2254 2321 profioorat
2297 2236 2415 2302 sed
2461 2237 2674 2319 magis

1908 2385 2197 2479 deterius
2241 2387 2527 2455 habebat
2570 2399 2650 2454 osi

1789 2555 1793 2559 ’
1907 2538 2203 2606 audisset
2246 2539 2328 2605 de
2369 2539 2483 2604 ihfi
2530 2540 2712 2608 uenit

1733 2999 1816 3063 28

1903 2698 2078 2757 rotro
2121 2691 2189 2756 in
2235 2692 2426 2758 turba
2469 2699 2536 2760 et
2580 2692 2694 2759 teti

1907 2844 2006 2929 git
2049 2843 2506 2911 uestimentvm
2547 2844 2686 2910 eivs

1905 2997 2167 3065 dicebat
2211 3008 2317 3062 eni
2364 2995 2517 3079 quia
2559 2997 2617 3062 si
2663 3003 2728 3063 te

1907 3149 2117 3232 tigero
2162 3147 2559 3215 uestimentfi
2603 3149 2664 3215 ei

1901 3284 1994 3366 os,
2041 3301 2231 3366 salua
2275 3321 2386 3366 oro
2432 3306 2499 3365 et
2546 3301 2770 3365 confes

1906 3457 1954 3514 ti
2000 3450 2283 3517 siccatus
2329 3458 2429 3517 est
2472 3451 2618 3516 fons
2664 3471 2781 3516 san

1906 3600 2124 3690 quinis
2172 3602 2311 3667 eius
2356 3609 2423 3668 et
2457 3598 2673 3668 ἐπειὴ

1908 3753 2165 3837 corpori
2212 3752 2382 3835 quod
2429 3760 2664 3819 sanata

1910 3912 2083 3971 esset
2127 3925 2170 3970 a
2211 3906 2415 3988 plaga
2458 3927 2670 3990 cogno

1908 4056 2006 4122 uit
2043 4065 2193 4124 auto
2240 4057 2342 4121 ihfi
2388 4057 2626 4125 uirtute
2673 4080 2816 4142 qvae

1911 4209 2165 4275 exierat
2210 4209 2293 4275 do
2339 4231 2417 4276 eo
2462 4232 2702 4277 oonuer

1915 4381 2025 4426 sus
2073 4361 2155 4428 ad
2203 4362 2390 4427 turba
2433 4362 2655 4427 aiebat
2698 4360 2842 4443 quis

1915 4512 2136 4596 tetigit
2180 4511 2572 4579 uestimenta

2089 4683 2254 4728 mea.
