3634 5717
747 687 875 755 334

786 891 868 954 39

957 837 1461 975 §esponderunt
1504 899 1571 958 et
1615 892 1727 958 dix

827 1040 836 1052 “
957 1048 1147 1108 erunt
1189 1042 1252 1108 ei
1298 1050 1486 1126 pater
1531 1064 1650 1109 nos

791 2563 868 2624 41

792 3481 875 3544 42

799 4392 879 4456 43

959 1205 1057 1261 ter
1101 1195 1352 1264 abrah&
1393 1205 1493 1262 est
1537 1196 1699 1262 dicit

961 1349 1057 1414 eis
1103 1348 1205 1414 ihs
1252 1347 1307 1413 si
1356 1348 1475 1414 filii
1521 1349 1681 1416 abra

960 1501 1086 1567 hae
1131 1501 1290 1567 estis
1337 1521 1540 1586 opera
1583 1502 1666 1567 ab

963 1652 1164 1720 rahae
1210 1652 1515 1718 faceretis
1561 1671 1733 1717 nune

963 1810 1113 1871 aute
1159 1802 1431 1887 queritis
1477 1823 1582 1869 me
1612 1803 1694 1868 ‘in

960 1954 1254 2022 terfieere
1300 1956 1409 2038 qui
1457 1956 1593 2023 ueri

962 2113 1097 2173 tate
1142 2108 1394 2173 loeutus
1439 2109 1516 2173 Βῆ
1564 2127 1645 2172 uo

962 2260 1061 2325 bis
1106 2265 1235 2343 qui
1278 2259 1501 2326 audiui
1551 2282 1591 2325 a
1634 2258 1718 2325 do

963 2413 1087 2480 hoe
1131 2411 1380 2478 abrah&
1425 2427 1554 2476 uon
1594 2411 1657 2478 fe

965 2568 1053 2633 eit
1097 2585 1213 2632 uos
1259 2564 1477 2630 facitis
1526 2584 1650 2648 ope

962 2740 1035 2785 ra
1080 2718 1285 2803 patris
1331 2717 1532 2783 uestri
1576 2716 1690 2781 dix

962 2880 1153 2938 erunt
1196 2890 1354 2954 ergo
1401 2869 1461 2934 ei
1510 2889 1627 2934 nos

967 3044 1048 3088 ex
1095 3021 1553 3107 prostitutione

966 3197 1094 3241 non
1140 3194 1360 3241 sumus
1407 3172 1544 3238 nati
1593 3172 1720 3237 unii

966 3336 1149 3413 patre
1197 3327 1510 3393 habemus
1551 3325 1659 3390 dm

962 3477 1131 3543 dixit
1174 3499 1333 3563 ergo
1380 3479 1476 3544 eis
1524 3477 1626 3543 ihs
1671 3477 1725 3542 si

964 3632 1042 3697 ds
1087 3639 1275 3716 pater
1319 3639 1536 3697 uester
1570 3637 1744 3697 esset

965 3781 1332 3868 diligeretis
1379 3784 1534 3867 utiq'
1581 3804 1680 3847 m<-

965 3956 1092 4019 ego
1138 3948 1244 4001 eni
1291 3958 1372 4002 ex
1418 3937 1502 4001 do
1549 3953 1778 4017 proees

966 4089 1020 4153 si
1067 4081 1144 4156 et'
1177 4089 1326 4154 ueni
1375 4087 1517 4169 neq’
1564 4098 1671 4152 eni
1718 4108 1758 4151 a

967 4225 1068 4306 me
1115 4239 1260 4325 ipso
1305 4241 1457 4305 ueni
1503 4239 1618 4304 sed
1667 4240 1710 4304 il

968 4396 1029 4461 le
1075 4415 1178 4460 me
1226 4393 1403 4458 misit
1447 4379 1664 4476 qnare·
1696 4393 1756 4455 lo

969 4547 1187 4629 quella]
1231 4566 1441 4611 meam
1490 4564 1617 4608 nou
1665 4563 1788 4626 eog

969 4700 1253 4764 noscetis
1299 4698 1454 4782 quia
1498 4715 1626 4762 non

1828 688 2177 755 *lohcs

2114 3945 2192 4048 47

2280 891 2557 978 potestis
2603 889 2832 958 audire
2877 910 2985 957 ser

2280 1055 2471 1109 mone
2519 1062 2734 1109 meum
2777 1061 2896 1109 uos
2942 1062 3025 1108 ex

2282 1205 2470 1280 patre
2515 1195 2781 1263 diabolo
2818 1195 2981 1262 estis

2280 1357 2347 1414 et
2390 1346 2725 1415 desideria
2768 1347 2977 1432 patris

2280 1501 2482 1566 uestri
2528 1500 2725 1567 uultis
2770 1501 2915 1565 faee

2281 1673 2351 1718 re
2398 1651 2509 1718 ille
2557 1650 2890 1719 homicida
2933 1651 2999 1716 fu

2283 1804 2332 1868 it
2377 1803 2461 1870 ab
2503 1804 2694 1870 initio
2739 1812 2806 1870 et
2850 1805 2917 1868 in
2965 1821 3047 1869 ue

2283 1954 2479 2022 ritate
2523 1973 2652 2022 non
2697 1956 2882 2022 stetit

2282 2108 2438 2190 quia
2482 2128 2608 2174 non
2653 2116 2754 2174 est
2796 2108 3043 2174 ueritas

2284 2259 2349 2323 in
2397 2278 2476 2325 eo
2520 2259 2632 2343 qui
2674 2256 2961 2343 loquitur

2287 2410 2633 2478 mendaeifi
2679 2431 2763 2478 ex
2797 2412 2933 2479 suis
2980 2432 3099 2495 pro
3142 2383 3155 2394 ⁸

2288 2564 2449 2648 priis
2492 2565 2779 2647 loquitur
2822 2565 2977 2649 quia

2289 2716 2574 2784 mendax
2616 2725 2718 2783 est
2760 2718 2929 2783 siout

2286 2878 2352 2933 et
2395 2876 2585 2953 pater
2629 2869 2770 2935 eius
2812 2868 2954 2953 Ego

2288 3019 2443 3102 quia
2486 3019 2765 3087 uei-itate
2810 3021 2958 3087 dieo

2290 3192 2419 3237 non
2464 3172 2841 3241 credidistis
2888 3176 2975 3242 mi

2287 3323 2353 3389 hi
2400 3325 2545 3409 quis
2590 3346 2672 3392 ex
2717 3326 2903 3393 uobis
2949 3349 3023 3393 ar

2286 3485 2445 3559 guet
2488 3496 2593 3543 me
2637 3477 2720 3545 de
2767 3498 2969 3562 peoea

2287 3635 2351 3694 to
2397 3629 2453 3694 si
2499 3629 2779 3696 ueritate
2824 3630 2971 3696 dieo

2287 3801 2489 3864 quare
2533 3802 2650 3848 vos
2696 3803 2824 3848 non
2871 3802 2980 3849 ere

2287 3933 2442 3999 ditis
2489 3934 2649 4000 mihi
2695 3933 2805 4017 qui
2851 3954 2933 4000 ex
2980 3935 3067 4002 do

2287 4095 2388 4153 est
2434 4087 2637 4154 uerba
2677 4087 2748 4152 di
2794 4088 2977 4154 audit

2290 4248 2641 4325 propterea
2680 4260 2798 4306 uos
2845 4260 2973 4305 non

2288 4392 2565 4459 audistis
2612 4392 2768 4478 quia
2809 4415 2892 4459 ex

2290 4545 2374 4611 do
2419 4566 2548 4612 non
2598 4545 2775 4612 estis.
2834 4545 2963 4611 Res

2291 4696 2661 4804 ponderpnt
2704 4670 2899 4762 iudaei
