3634 5717
812 696 900 762 94

841 1205 925 1270 29

808 1294 877 1332 rut
900 1289 980 1332 239

806 1392 851 1434 le
875 1341 955 1436 1540

832 2736 903 2799 31

829 3347 913 3411 32

798 3437 868 3476 tut
892 3431 969 3475 240

847 3483 899 3526 10

827 3654 912 3720 33

794 4263 965 4393 ηΞὲἑ41

791 4451 837 4495 le
864 4401 937 4494 {21

1014 896 1326 964 hominih'
1369 895 1522 961 iusti
1567 894 1743 960 intus
1788 915 1872 960 av

1013 1059 1079 1117 te
1124 1050 1306 1137 pleni
1350 1049 1508 1115 estis
1554 1048 1815 1133 hypocri

1014 1205 1071 1270 si
1116 1212 1183 1271 et
1228 1203 1574 1287 iniquitate
1618 1201 1760 1268 Uae

1011 1358 1199 1425 uobis
1244 1355 1499 1423 scribae
1543 1354 1787 1441 et.pha

1009 1511 1185 1578 risaei
1230 1509 1616 1595 hypocritae
1662 1508 1769 1592 qui

1010 1663 1354 1730 aedificatis
1399 1661 1703 1746 sepulcra
1747 1681 1866 1745 pro

1010 1817 1291 1902 phetarfi
1337 1821 1403 1882 et
1449 1813 1697 1881 ornatis

1011 1976 1431 2035 monumenta
1473 1968 1642 2035 iusto

1011 2124 1087 2188 τῇ
1136 2130 1201 2188 et
1245 2122 1466 2188 dicitis
1512 2121 1569 2187 si
1619 2121 1819 2187 fuisse

1007 2296 1148 2341 mus
1194 2277 1262 2341 in
1309 2275 1478 2341 dieh'
1523 2277 1717 2359 patrfi
1764 2294 1882 2339 nos

1006 2430 1185 2495 trorfi
1232 2449 1361 2495 non
1408 2447 1698 2494 essemus

1005 2583 1167 2649 soeii
1212 2583 1372 2649 eol-ii
1418 2581 1484 2647 in
1530 2581 1856 2665 sanguine

1002 2733 1405 2820 prophetarfi
1448 2733 1603 2817 itaq'
1648 2741 1747 2801 tes

1003 2886 1281 2952 timonifi
1328 2886 1487 2952 estis
1534 2885 1721 2951 uobis

1003 3046 1136 3107 met
1179 3038 1344 3124 ipsis
1391 3038 1546 3123 quia
1590 3038 1711 3104 filii
1757 3059 1827 3105 es

1004 3193 1089 3258 tis
1135 3193 1295 3296 eol-fi
1340 3192 1452 3276 qui
1496 3192 1748 3278 prophe

1000 3352 1102 3411 tas
1149 3344 1526 3411 oeciderunt
1566 3346 1652 3411 Et

1002 3518 1119 3564 uos
1166 3497 1413 3583 inplete
1457 3510 1762 3564 mensura

1000 3657 1193 3736 patra
1237 3614 1599 3741 uestrerum
1644 3671 1750 3717 ser

998 3811 1228 3889 pentes
1274 3805 1628 3889 progenies
1674 3803 1740 3869 ui

998 3969 1237 4043 perani
1283 3956 1606 4041 quomodo
1652 3956 1791 4040 fugi

1000 4110 1125 4177 etis
1169 4131 1212 4176 a
1253 4111 1497 4177 iudicio
1540 4109 1862 4194 gehennae

999 4263 1157 4329 Ideo
1203 4283 1356 4329 eece
1400 4283 1525 4347 ego
1569 4262 1755 4327 mitto

1001 4416 1088 4482 ad
1127 4436 1245 4482 vos
1291 4415 1647 4500 prophetas
1693 4422 1759 4481 et

996 4569 1331 4655 sapientes
1377 4576 1443 4636 et
1485 4568 1734 4634 scribas

1303 4728 1369 4789 et
1414 4743 1494 4789 ex
1539 4722 1674 4787 illis

1919 690 2235 756 Mt023

2152 1660 2234 1724 35

2145 2878 2230 2942 36

2143 3503 2224 3568 37

2111 3588 2176 3633 l3r
2199 3590 2252 3633 68

2111 3644 2179 3684 [nt
2204 3640 2281 3683 242

2109 3744 2150 3784 le
2176 3742 2253 3787 175

2327 893 2641 959 occidetis
2688 899 2754 960 et
2795 893 3016 959 erueifi

2326 1046 2497 1129 getis
2543 1053 2609 1112 et
2651 1066 2736 1112 ex
2779 1045 2877 1114 eis
2920 1047 3102 1131 flagel

2325 1199 2567 1266 labitur
2611 1201 2677 1265 in
2719 1198 3084 1285 synagogis

2330 1353 2566 1420 uestris
2611 1360 2677 1419 et
2711 1372 3034 1439 perseque

2289 1505 2490 1571 *mini
2533 1506 2616 1572 de
2662 1506 2932 1574 ciuitate
2976 1507 3044 1572 in
3087 1507 3228 1573 ciui

2324 1666 2527 1726 tatem
2573 1667 2644 1725 ut
2685 1661 2912 1757 ueniat
2954 1680 3156 1745 super

2324 1833 2440 1879 uos
2483 1814 2696 1880 omnis
2741 1814 3014 1899 sanguis

2323 1967 2530 2033 iustus
2577 1968 2687 2051 qui
2733 1967 2974 2035 effusus

2323 2127 2424 2186 est
2466 2140 2663 2205 super
2707 2128 2879 2188 terra
2924 2142 2966 2186 a
3007 2140 3130 2186 san

2319 2274 2519 2356 guine
2566 2275 2710 2341 abel
2755 2273 2906 2340 iusti
2951 2275 3091 2357 usq’

2319 2426 2404 2492 ad
2452 2427 2774 2512 sanguine
2814 2427 3076 2494 zachari

2290 2601 2399 2646 ae
2445 2580 2539 2645 fili
2586 2580 2914 2646 baraehiae
2957 2590 3082 2662 que
3131 2599 3214 2644 oe

2319 2732 2574 2799 eidistis
2620 2733 2791 2801 inter
2829 2732 3076 2816 templiy

2317 2894 2383 2952 et
2421 2886 2631 2954 altare
2678 2887 2887 2953 Amen
2930 2886 3080 2952 dieo

2315 3040 2503 3106 uobis
2549 3040 2818 3107 uenient
2861 3040 3003 3106 haee

2316 3193 2539 3259 omnia
2577 3212 2775 3278 super
2821 3211 3068 3275 genera

2315 3348 2562 3413 tionem
2592 3347 2826 3422 istam·

2318 3497 3042 3596 Hierusalem-hierusa
3137 3527 3143 3532 ·

2313 3654 2377 3719 le
2424 3673 2569 3737 quae
2612 3651 2859 3718 oeeidis
2905 3650 3162 3736 prophe

2315 3814 2419 3873 tas
2466 3813 2532 3872 et
2576 3805 2839 3891 lapidas
2884 3824 2998 3871 eos
3043 3803 3155 3887 qui

2316 3959 2400 4025 ad
2452 3965 2518 4025 te
2561 3959 2748 4025 missi
2791 3964 2943 4025 sunt
2986 3978 3112 4041 quo

2311 4112 2437 4179 ties
2484 4112 2662 4178 uolui
2706 4130 3112 4197 congregare

2234 4248 2239 4253 ’
2311 4265 2482 4331 filios
2526 4272 2672 4331 tuos
2719 4264 3041 4348 quomodo

2310 4418 2565 4503 gallina
2609 4424 2971 4503 congregat
3012 4417 3123 4501 pvl

2309 4571 2408 4637 los
2454 4591 2607 4637 suos
2654 4572 2773 4636 suh
2817 4571 2959 4636 alas
3000 4576 3066 4634 et
3109 4590 3199 4634 no

2308 4723 2487 4789 luisti
