<?xml version="1.0" encoding="UTF-8"?>
<!DOCTYPE html PUBLIC "-//W3C//DTD XHTML 1.0 Transitional//EN"
    "http://www.w3.org/TR/xhtml1/DTD/xhtml1-transitional.dtd">
<html xmlns="http://www.w3.org/1999/xhtml" xml:lang="en" lang="en">
 <head>
  <title>
</title>
<meta http-equiv="Content-Type" content="text/html;charset=utf-8" />
  <meta name='ocr-system' content='tesseract 3.04.00' />
  <meta name='ocr-capabilities' content='ocr_page ocr_carea ocr_par ocr_line ocrx_word'/>
</head>
<body>
  <div class='ocr_page' id='page_1' title='image "./codexaureussive00belsgoog_0436.png"; bbox 0 0 3634 5717; ppageno 0'>
   <div class='ocr_carea' id='block_1_1' title="bbox 745 658 2350 732">
    <p class='ocr_par' dir='ltr' id='par_1_1' title="bbox 745 658 2350 732">
     <span class='ocr_line' id='line_1_1' title="bbox 745 658 2350 732; baseline 0.001 -8"><span class='ocrx_word' id='word_1_1' title='bbox 745 658 874 725; x_wconf 81' lang='lat'><strong>370</strong></span> <span class='ocrx_word' id='word_1_2' title='bbox 1688 669 1842 732; x_wconf 57' lang='grc' dir='ltr'><strong>θοοῦ</strong></span> <span class='ocrx_word' id='word_1_3' title='bbox 1882 663 2001 730; x_wconf 76' lang='lat'>1011</span> <span class='ocrx_word' id='word_1_4' title='bbox 2046 659 2097 727; x_wconf 83' lang='lat' dir='ltr'>G</span> <span class='ocrx_word' id='word_1_5' title='bbox 2146 661 2225 728; x_wconf 88' lang='grc'><strong>18</strong></span> <span class='ocrx_word' id='word_1_6' title='bbox 2272 660 2350 727; x_wconf 87' lang='grc'><strong>19</strong></span> 
     </span>
    </p>
   </div>
   <div class='ocr_carea' id='block_1_2' title="bbox 745 861 1693 1013">
    <p class='ocr_par' dir='ltr' id='par_1_2' title="bbox 745 861 1693 1013">
     <span class='ocr_line' id='line_1_2' title="bbox 745 861 1693 1012; baseline 0.003 -82"><span class='ocrx_word' id='word_1_7' title='bbox 745 864 794 930; x_wconf 68' lang='grc' dir='ltr'><strong>ἱο</strong></span> <span class='ocrx_word' id='word_1_8' title='bbox 816 864 899 1012; x_wconf 48' lang='grc' dir='ltr'>ξ</span> <span class='ocrx_word' id='word_1_9' title='bbox 956 869 1025 931; x_wconf 86' lang='lat' dir='ltr'><strong>et</strong></span> <span class='ocrx_word' id='word_1_10' title='bbox 1066 861 1229 931; x_wconf 84' lang='lat' dir='ltr'><strong>dieit</strong></span> <span class='ocrx_word' id='word_1_11' title='bbox 1270 863 1368 934; x_wconf 87' lang='lat' dir='ltr'><strong>eis</strong></span> <span class='ocrx_word' id='word_1_12' title='bbox 1412 885 1539 951; x_wconf 80' lang='lat' dir='ltr'><strong>ego</strong></span> <span class='ocrx_word' id='word_1_13' title='bbox 1580 867 1693 933; x_wconf 86' lang='lat' dir='ltr'><strong>nul</strong></span> 
     </span>
     <span class='ocr_line' id='line_1_3' title="bbox 746 968 793 1013; baseline -0.043 0"><span class='ocrx_word' id='word_1_14' title='bbox 746 968 793 1013; x_wconf 71' lang='grc' dir='ltr'><strong>ιο</strong></span> 
     </span>
    </p>
   </div>
   <div class='ocr_carea' id='block_1_3' title="bbox 951 1016 1804 1086">
    <p class='ocr_par' dir='ltr' id='par_1_3' title="bbox 951 1016 1804 1086">
     <span class='ocr_line' id='line_1_4' title="bbox 951 1016 1804 1086; baseline 0 -3"><span class='ocrx_word' id='word_1_15' title='bbox 951 1017 1086 1084; x_wconf 90' lang='lat' dir='ltr'><strong>lam</strong></span> <span class='ocrx_word' id='word_1_16' title='bbox 1131 1016 1398 1086; x_wconf 87' lang='lat' dir='ltr'><strong>inuenio</strong></span> <span class='ocrx_word' id='word_1_17' title='bbox 1441 1018 1512 1084; x_wconf 90' lang='lat' dir='ltr'><strong>in</strong></span> <span class='ocrx_word' id='word_1_18' title='bbox 1556 1038 1637 1086; x_wconf 87' lang='lat' dir='ltr'><strong>eo</strong></span> <span class='ocrx_word' id='word_1_19' title='bbox 1681 1038 1804 1086; x_wconf 80' lang='lat' dir='ltr'><strong>eav</strong></span> 
     </span>
    </p>
   </div>
   <div class='ocr_carea' id='block_1_4' title="bbox 784 1171 1703 1238">
    <p class='ocr_par' dir='ltr' id='par_1_4' title="bbox 784 1171 1703 1238">
     <span class='ocr_line' id='line_1_5' title="bbox 784 1171 1703 1238; baseline 0 -1"><span class='ocrx_word' id='word_1_20' title='bbox 784 1172 867 1237; x_wconf 84' lang='lat'><strong>39</strong></span> <span class='ocrx_word' id='word_1_21' title='bbox 955 1188 1097 1235; x_wconf 90' lang='lat' dir='ltr'><strong>sam</strong></span> <span class='ocrx_word' id='word_1_22' title='bbox 1150 1171 1269 1237; x_wconf 83' lang='lat' dir='ltr'><strong>Est</strong></span> <span class='ocrx_word' id='word_1_23' title='bbox 1313 1182 1423 1238; x_wconf 88' lang='lat' dir='ltr'><strong>eni</strong></span> <span class='ocrx_word' id='word_1_24' title='bbox 1463 1190 1703 1237; x_wconf 86' lang='lat' dir='ltr'><strong>eonsue</strong></span> 
     </span>
    </p>
   </div>
   <div class='ocr_carea' id='block_1_5' title="bbox 748 1255 899 1303">
    <p class='ocr_par' dir='ltr' id='par_1_5' title="bbox 748 1255 899 1303">
     <span class='ocr_line' id='line_1_6' title="bbox 748 1255 899 1303; baseline 0 -1"><span class='ocrx_word' id='word_1_25' title='bbox 748 1255 899 1303; x_wconf 69' lang='lat'><strong>{0183</strong></span> 
     </span>
    </p>
   </div>
   <div class='ocr_carea' id='block_1_6' title="bbox 824 1307 1706 1390">
    <p class='ocr_par' dir='ltr' id='par_1_6' title="bbox 824 1307 1706 1390">
     <span class='ocr_line' id='line_1_7' title="bbox 824 1307 1706 1390; baseline 0.002 -3"><span class='ocrx_word' id='word_1_26' title='bbox 824 1307 854 1351; x_wconf 76' lang='lat'>4</span> <span class='ocrx_word' id='word_1_27' title='bbox 955 1315 1113 1388; x_wconf 79' lang='lat' dir='ltr'><strong>tudo</strong></span> <span class='ocrx_word' id='word_1_28' title='bbox 1157 1329 1230 1390; x_wconf 87' lang='lat' dir='ltr'><strong>ut</strong></span> <span class='ocrx_word' id='word_1_29' title='bbox 1270 1343 1467 1390; x_wconf 87' lang='lat' dir='ltr'><strong>unum</strong></span> <span class='ocrx_word' id='word_1_30' title='bbox 1514 1321 1706 1390; x_wconf 87' lang='lat' dir='ltr'><strong>dimit</strong></span> 
     </span>
    </p>
   </div>
   <div class='ocr_carea' id='block_1_7' title="bbox 952 1474 1816 1560">
    <p class='ocr_par' dir='ltr' id='par_1_7' title="bbox 952 1474 1816 1560">
     <span class='ocr_line' id='line_1_8' title="bbox 952 1474 1816 1560; baseline 0.002 -22"><span class='ocrx_word' id='word_1_31' title='bbox 952 1478 1021 1538; x_wconf 70' lang='lat' dir='ltr'><strong>ta</strong></span> <span class='ocrx_word' id='word_1_32' title='bbox 1064 1474 1250 1540; x_wconf 90' lang='lat' dir='ltr'><strong>uobis</strong></span> <span class='ocrx_word' id='word_1_33' title='bbox 1297 1475 1364 1541; x_wconf 94' lang='lat' dir='ltr'><strong>in</strong></span> <span class='ocrx_word' id='word_1_34' title='bbox 1411 1474 1662 1560; x_wconf 85' lang='lat' dir='ltr'><strong>paseha</strong></span> <span class='ocrx_word' id='word_1_35' title='bbox 1707 1476 1816 1541; x_wconf 86' lang='lat' dir='ltr'><strong>nvl</strong></span> 
     </span>
    </p>
   </div>
   <div class='ocr_carea' id='block_1_8' title="bbox 750 1624 1699 2306">
    <p class='ocr_par' dir='ltr' id='par_1_8' title="bbox 750 1624 1699 2306">
     <span class='ocr_line' id='line_1_9' title="bbox 952 1624 1679 1711; baseline 0.004 -20"><span class='ocrx_word' id='word_1_36' title='bbox 952 1624 1039 1691; x_wconf 90' lang='lat' dir='ltr'><strong>tis</strong></span> <span class='ocrx_word' id='word_1_37' title='bbox 1083 1645 1244 1711; x_wconf 78' lang='lat' dir='ltr'><strong>ergo</strong></span> <span class='ocrx_word' id='word_1_38' title='bbox 1288 1626 1552 1694; x_wconf 74' lang='lat' dir='ltr'><strong>dimitta</strong></span> <span class='ocrx_word' id='word_1_39' title='bbox 1595 1647 1679 1694; x_wconf 87' lang='lat' dir='ltr'><strong>uo</strong></span> 
     </span>
     <span class='ocr_line' id='line_1_10' title="bbox 955 1727 1584 1863; baseline 0.008 -22"><span class='ocrx_word' id='word_1_40' title='bbox 955 1776 1057 1843; x_wconf 94' lang='lat' dir='ltr'><strong>bis</strong></span> <span class='ocrx_word' id='word_1_41' title='bbox 1102 1784 1261 1863; x_wconf 72' lang='lat' dir='ltr'><strong>rege</strong></span> <span class='ocrx_word' id='word_1_42' title='bbox 1308 1727 1584 1847; x_wconf 78' lang='lat' dir='ltr'><strong>iudeorfi</strong></span> 
     </span>
     <span class='ocr_line' id='line_1_11' title="bbox 750 1927 1625 2063; baseline 0.009 -72"><span class='ocrx_word' id='word_1_43' title='bbox 750 1933 900 2063; x_wconf 56' lang='lat' dir='ltr'><strong>i⁰434</strong></span> <span class='ocrx_word' id='word_1_44' title='bbox 956 1927 1424 1998; x_wconf 85' lang='lat' dir='ltr'><strong>Clamauerunt</strong></span> <span class='ocrx_word' id='word_1_45' title='bbox 1466 1951 1625 2018; x_wconf 78' lang='lat' dir='ltr'><strong>ergo</strong></span> 
     </span>
     <span class='ocr_line' id='line_1_12' title="bbox 828 2069 1699 2153; baseline 0.014 -12"><span class='ocrx_word' id='word_1_46' title='bbox 828 2069 852 2113; x_wconf 87' lang='lat'>¹</span> <span class='ocrx_word' id='word_1_47' title='bbox 957 2100 1184 2148; x_wconf 90' lang='lat' dir='ltr'><strong>omnes</strong></span> <span class='ocrx_word' id='word_1_48' title='bbox 1229 2082 1526 2152; x_wconf 82' lang='lat' dir='ltr'><strong>dieentes</strong></span> <span class='ocrx_word' id='word_1_49' title='bbox 1569 2107 1699 2153; x_wconf 90' lang='lat' dir='ltr'><strong>non</strong></span> 
     </span>
     <span class='ocr_line' id='line_1_13' title="bbox 957 2230 1670 2306; baseline 0.01 -9"><span class='ocrx_word' id='word_1_50' title='bbox 957 2230 1132 2301; x_wconf 86' lang='lat' dir='ltr'><strong>hune</strong></span> <span class='ocrx_word' id='word_1_51' title='bbox 1170 2234 1290 2302; x_wconf 87' lang='lat' dir='ltr'><strong>sed</strong></span> <span class='ocrx_word' id='word_1_52' title='bbox 1336 2237 1670 2306; x_wconf 75' lang='lat' dir='ltr'><strong>barabban</strong></span> 
     </span>
    </p>
   </div>
   <div class='ocr_carea' id='block_1_9' title="bbox 807 2331 1043 2381">
    <p class='ocr_par' dir='ltr' id='par_1_9' title="bbox 807 2331 1043 2381">
     <span class='ocr_line' id='line_1_14' title="bbox 807 2331 1043 2381; baseline 0.017 -3"><span class='ocrx_word' id='word_1_53' title='bbox 807 2331 1043 2381; x_wconf 74' lang='lat' dir='ltr'><strong>barabbas</strong></span> 
     </span>
    </p>
   </div>
   <div class='ocr_carea' id='block_1_10' title="bbox 833 2384 1768 2458">
    <p class='ocr_par' dir='ltr' id='par_1_10' title="bbox 833 2384 1768 2458">
     <span class='ocr_line' id='line_1_15' title="bbox 833 2384 1768 2458; baseline 0.006 -7"><span class='ocrx_word' id='word_1_54' title='bbox 833 2384 911 2451; x_wconf 90' lang='lat'><strong>19</strong></span> <span class='ocrx_word' id='word_1_55' title='bbox 955 2395 1099 2455; x_wconf 86' lang='lat' dir='ltr'><strong>erat</strong></span> <span class='ocrx_word' id='word_1_56' title='bbox 1142 2390 1322 2456; x_wconf 71' lang='lat' dir='ltr'><strong>aute&#39;s</strong></span> <span class='ocrx_word' id='word_1_57' title='bbox 1366 2391 1535 2457; x_wconf 88' lang='lat' dir='ltr'><strong>latro</strong></span> <span class='ocrx_word' id='word_1_58' title='bbox 1580 2392 1768 2458; x_wconf 83' lang='lat' dir='ltr'><strong>Tune</strong></span> 
     </span>
    </p>
   </div>
   <div class='ocr_carea' id='block_1_11' title="bbox 753 2468 907 2515">
    <p class='ocr_par' dir='ltr' id='par_1_11' title="bbox 753 2468 907 2515">
     <span class='ocr_line' id='line_1_16' title="bbox 753 2468 907 2515; baseline 0.013 -2"><span class='ocrx_word' id='word_1_59' title='bbox 753 2468 907 2515; x_wconf 75' lang='lat'><strong>10185</strong></span> 
     </span>
    </p>
   </div>
   <div class='ocr_carea' id='block_1_12' title="bbox 829 2520 1605 2626">
    <p class='ocr_par' dir='ltr' id='par_1_12' title="bbox 829 2520 1605 2626">
     <span class='ocr_line' id='line_1_17' title="bbox 829 2520 1605 2626; baseline 0.005 -20"><span class='ocrx_word' id='word_1_60' title='bbox 829 2520 856 2564; x_wconf 79' lang='lat'><strong>⁴</strong></span> <span class='ocrx_word' id='word_1_61' title='bbox 959 2560 1119 2625; x_wconf 80' lang='lat' dir='ltr'><strong>ergo</strong></span> <span class='ocrx_word' id='word_1_62' title='bbox 1163 2540 1605 2626; x_wconf 78' lang='lat' dir='ltr'>adprehendit</span> 
     </span>
    </p>
   </div>
   <div class='ocr_carea' id='block_1_13' title="bbox 751 2687 1728 4588">
    <p class='ocr_par' dir='ltr' id='par_1_13' title="bbox 751 2687 1728 4588">
     <span class='ocr_line' id='line_1_18' title="bbox 962 2687 1631 2777; baseline 0.007 -20"><span class='ocrx_word' id='word_1_63' title='bbox 962 2691 1206 2777; x_wconf 75' lang='lat' dir='ltr'><strong>pilatus</strong></span> <span class='ocrx_word' id='word_1_64' title='bbox 1252 2687 1386 2760; x_wconf 71' lang='lat' dir='ltr'><strong>ibin</strong></span> <span class='ocrx_word' id='word_1_65' title='bbox 1432 2703 1498 2762; x_wconf 92' lang='lat' dir='ltr'><strong>et</strong></span> <span class='ocrx_word' id='word_1_66' title='bbox 1540 2696 1631 2762; x_wconf 90' lang='lat' dir='ltr'><strong>fla</strong></span> 
     </span>
     <span class='ocr_line' id='line_1_19' title="bbox 828 2843 1636 2940; baseline 0.004 -30"><span class='ocrx_word' id='word_1_67' title='bbox 828 2845 871 2910; x_wconf 80' lang='lat'>2</span> <span class='ocrx_word' id='word_1_68' title='bbox 958 2843 1237 2940; x_wconf 68' lang='lat' dir='ltr'><strong>gellauit</strong></span> <span class='ocrx_word' id='word_1_69' title='bbox 1282 2853 1350 2914; x_wconf 91' lang='lat' dir='ltr'><strong>et</strong></span> <span class='ocrx_word' id='word_1_70' title='bbox 1391 2846 1636 2914; x_wconf 81' lang='lat' dir='ltr'><strong>milites</strong></span> 
     </span>
     <span class='ocr_line' id='line_1_20' title="bbox 957 2995 1608 3080; baseline 0.008 -19"><span class='ocrx_word' id='word_1_71' title='bbox 957 2995 1320 3080; x_wconf 77' lang='lat' dir='ltr'><strong>plectentes</strong></span> <span class='ocrx_word' id='word_1_72' title='bbox 1366 3006 1608 3066; x_wconf 70' lang='lat' dir='ltr'><strong>eorona</strong></span> 
     </span>
     <span class='ocr_line' id='line_1_21' title="bbox 957 3146 1728 3235; baseline 0.009 -22"><span class='ocrx_word' id='word_1_73' title='bbox 957 3146 1041 3214; x_wconf 86' lang='lat' dir='ltr'><strong>de</strong></span> <span class='ocrx_word' id='word_1_74' title='bbox 1085 3147 1299 3232; x_wconf 88' lang='lat' dir='ltr'><strong>spinis</strong></span> <span class='ocrx_word' id='word_1_75' title='bbox 1344 3149 1622 3235; x_wconf 83' lang='lat' dir='ltr'><strong>inposue</strong></span> <span class='ocrx_word' id='word_1_76' title='bbox 1705 3179 1728 3192; x_wconf 85' lang='lat'><strong>·</strong></span> 
     </span>
     <span class='ocr_line' id='line_1_22' title="bbox 953 3295 1653 3387; baseline 0.003 -20"><span class='ocrx_word' id='word_1_77' title='bbox 953 3306 1105 3367; x_wconf 85' lang='lat' dir='ltr'><strong>runt</strong></span> <span class='ocrx_word' id='word_1_78' title='bbox 1147 3300 1353 3387; x_wconf 83' lang='lat' dir='ltr'><strong>eapiti</strong></span> <span class='ocrx_word' id='word_1_79' title='bbox 1398 3295 1539 3370; x_wconf 78' lang='lat' dir='ltr'><strong>eius</strong></span> <span class='ocrx_word' id='word_1_80' title='bbox 1585 3310 1653 3371; x_wconf 87' lang='lat' dir='ltr'><strong>et</strong></span> 
     </span>
     <span class='ocr_line' id='line_1_23' title="bbox 953 3460 1514 3540; baseline 0.005 -21"><span class='ocrx_word' id='word_1_81' title='bbox 953 3460 1139 3520; x_wconf 79' lang='lat' dir='ltr'><strong>ueste</strong></span> <span class='ocrx_word' id='word_1_82' title='bbox 1188 3468 1514 3540; x_wconf 77' lang='lat' dir='ltr'><strong>purpurea</strong></span> 
     </span>
     <span class='ocr_line' id='line_1_24' title="bbox 958 3604 1649 3678; baseline 0.007 -8"><span class='ocrx_word' id='word_1_83' title='bbox 958 3604 1526 3676; x_wconf 85' lang='lat' dir='ltr'><strong>eireumdederunt</strong></span> <span class='ocrx_word' id='word_1_84' title='bbox 1569 3616 1649 3678; x_wconf 51' lang='lat' dir='ltr'><strong>ev</strong></span> 
     </span>
     <span class='ocr_line' id='line_1_25' title="bbox 829 3759 1682 3830; baseline 0.006 -7"><span class='ocrx_word' id='word_1_85' title='bbox 829 3759 872 3824; x_wconf 83' lang='lat'><strong>3</strong></span> <span class='ocrx_word' id='word_1_86' title='bbox 960 3764 1027 3824; x_wconf 87' lang='lat' dir='ltr'><strong>et</strong></span> <span class='ocrx_word' id='word_1_87' title='bbox 1067 3759 1423 3827; x_wconf 87' lang='lat' dir='ltr'><strong>ueniebant</strong></span> <span class='ocrx_word' id='word_1_88' title='bbox 1466 3760 1552 3828; x_wconf 85' lang='lat' dir='ltr'><strong>ad</strong></span> <span class='ocrx_word' id='word_1_89' title='bbox 1599 3772 1682 3830; x_wconf 73' lang='lat' dir='ltr'><strong>esi</strong></span> 
     </span>
     <span class='ocr_line' id='line_1_26' title="bbox 961 3907 1632 3981; baseline 0.009 -8"><span class='ocrx_word' id='word_1_90' title='bbox 961 3907 1254 3979; x_wconf 84' lang='lat' dir='ltr'><strong>dieentes</strong></span> <span class='ocrx_word' id='word_1_91' title='bbox 1299 3912 1471 3980; x_wconf 87' lang='lat' dir='ltr'><strong>haue</strong></span> <span class='ocrx_word' id='word_1_92' title='bbox 1514 3934 1632 3981; x_wconf 87' lang='lat' dir='ltr'><strong>rex</strong></span> 
     </span>
     <span class='ocr_line' id='line_1_27' title="bbox 960 4060 1641 4131; baseline 0.007 -6"><span class='ocrx_word' id='word_1_93' title='bbox 960 4060 1235 4128; x_wconf 77' lang='lat' dir='ltr'><strong>iudeorfi</strong></span> <span class='ocrx_word' id='word_1_94' title='bbox 1281 4069 1349 4130; x_wconf 88' lang='lat' dir='ltr'><strong>et</strong></span> <span class='ocrx_word' id='word_1_95' title='bbox 1392 4063 1641 4131; x_wconf 83' lang='lat' dir='ltr'><strong>dabant</strong></span> 
     </span>
     <span class='ocr_line' id='line_1_28' title="bbox 751 4213 1576 4350; baseline 0.004 -71"><span class='ocrx_word' id='word_1_96' title='bbox 751 4305 799 4350; x_wconf 61' lang='lat' dir='ltr'><strong>io</strong></span> <span class='ocrx_word' id='word_1_97' title='bbox 823 4219 902 4349; x_wconf 49' lang='lat' dir='ltr'><strong>{a</strong></span> <span class='ocrx_word' id='word_1_98' title='bbox 958 4213 1020 4280; x_wconf 92' lang='lat' dir='ltr'><strong>ei</strong></span> <span class='ocrx_word' id='word_1_99' title='bbox 1066 4213 1323 4298; x_wconf 87' lang='lat' dir='ltr'><strong>palmas</strong></span> <span class='ocrx_word' id='word_1_100' title='bbox 1368 4215 1576 4283; x_wconf 87' lang='lat' dir='ltr'><strong>exiuit</strong></span> 
     </span>
     <span class='ocr_line' id='line_1_29' title="bbox 751 4356 1638 4451; baseline 0.009 -23"><span class='ocrx_word' id='word_1_101' title='bbox 751 4407 798 4451; x_wconf 57' lang='grc' dir='ltr'><strong>,ο</strong></span> <span class='ocrx_word' id='word_1_102' title='bbox 821 4356 902 4451; x_wconf 64' lang='lat'><strong>30⁶</strong></span> <span class='ocrx_word' id='word_1_103' title='bbox 960 4363 1129 4431; x_wconf 76' lang='lat' dir='ltr'><strong>iteru</strong></span> <span class='ocrx_word' id='word_1_104' title='bbox 1172 4365 1417 4451; x_wconf 81' lang='lat' dir='ltr'><strong>pilatus</strong></span> <span class='ocrx_word' id='word_1_105' title='bbox 1461 4368 1638 4437; x_wconf 86' lang='lat' dir='ltr'><strong>foras</strong></span> 
     </span>
     <span class='ocr_line' id='line_1_30' title="bbox 957 4517 1717 4588; baseline 0.008 -6"><span class='ocrx_word' id='word_1_106' title='bbox 957 4518 1042 4583; x_wconf 84' lang='lat' dir='ltr'><strong>Et</strong></span> <span class='ocrx_word' id='word_1_107' title='bbox 1089 4517 1251 4585; x_wconf 77' lang='lat' dir='ltr'><strong>dioit</strong></span> <span class='ocrx_word' id='word_1_108' title='bbox 1294 4520 1393 4588; x_wconf 89' lang='lat' dir='ltr'><strong>eis</strong></span> <span class='ocrx_word' id='word_1_109' title='bbox 1438 4540 1590 4588; x_wconf 79' lang='lat' dir='ltr'><strong>eece</strong></span> <span class='ocrx_word' id='word_1_110' title='bbox 1631 4520 1717 4588; x_wconf 86' lang='lat' dir='ltr'><strong>ad</strong></span> 
     </span>
    </p>
   </div>
   <div class='ocr_carea' id='block_1_14' title="bbox 957 4668 1592 4874">
    <p class='ocr_par' dir='ltr' id='par_1_14' title="bbox 957 4668 1592 4874">
     <span class='ocr_line' id='line_1_31' title="bbox 957 4668 1592 4740; baseline 0.006 -5"><span class='ocrx_word' id='word_1_111' title='bbox 957 4668 1123 4736; x_wconf 77' lang='lat' dir='ltr'><strong>duco</strong></span> <span class='ocrx_word' id='word_1_112' title='bbox 1170 4672 1252 4737; x_wconf 77' lang='lat' dir='ltr'><strong>eti</strong></span> <span class='ocrx_word' id='word_1_113' title='bbox 1292 4672 1480 4739; x_wconf 86' lang='lat' dir='ltr'><strong>uobis</strong></span> <span class='ocrx_word' id='word_1_114' title='bbox 1525 4673 1592 4740; x_wconf 88' lang='lat' dir='ltr'><strong>fo</strong></span> 
     </span>
     <span class='ocr_line' id='line_1_32' title="bbox 1360 4827 1470 4874; baseline 0.018 -2"><span class='ocrx_word' id='word_1_115' title='bbox 1360 4827 1470 4874; x_wconf 85' lang='lat' dir='ltr'><strong>ras</strong></span> 
     </span>
    </p>
   </div>
   <div class='ocr_carea' id='block_1_15' title="bbox 2074 1170 2223 1348">
    <p class='ocr_par' dir='ltr' id='par_1_15' title="bbox 2074 1170 2223 1348">
     <span class='ocr_line' id='line_1_33' title="bbox 2074 1170 2223 1348; baseline 0.013 -49"><span class='ocrx_word' id='word_1_116' title='bbox 2074 1170 2223 1348; x_wconf 63' lang='grc' dir='ltr'><strong><em>ὶοξΒΊ</em></strong></span> 
     </span>
    </p>
   </div>
   <div class='ocr_carea' id='block_1_16' title="bbox 2076 1930 2224 2107">
    <p class='ocr_par' dir='ltr' id='par_1_16' title="bbox 2076 1930 2224 2107">
     <span class='ocr_line' id='line_1_34' title="bbox 2076 1930 2224 2107; baseline 0.007 -48"><span class='ocrx_word' id='word_1_117' title='bbox 2076 1930 2224 2107; x_wconf 64' lang='grc' dir='ltr'><strong>ἱοξθὸ</strong></span> 
     </span>
    </p>
   </div>
   <div class='ocr_carea' id='block_1_17' title="bbox 2075 2852 2226 2948">
    <p class='ocr_par' dir='ltr' id='par_1_17' title="bbox 2075 2852 2226 2948">
     <span class='ocr_line' id='line_1_35' title="bbox 2075 2852 2226 2898; baseline 0 -2"><span class='ocrx_word' id='word_1_118' title='bbox 2075 2852 2120 2897; x_wconf 87' lang='lat' dir='ltr'><strong>io</strong></span> <span class='ocrx_word' id='word_1_119' title='bbox 2147 2853 2226 2898; x_wconf 79' lang='lat'><strong>189</strong></span> 
     </span>
     <span class='ocr_line' id='line_1_36' title="bbox 2126 2903 2178 2948; baseline -0.019 0"><span class='ocrx_word' id='word_1_120' title='bbox 2126 2903 2178 2948; x_wconf 88' lang='lat'><strong>10</strong></span> 
     </span>
    </p>
   </div>
   <div class='ocr_carea' id='block_1_18' title="bbox 2072 3160 2222 3204">
    <p class='ocr_par' dir='ltr' id='par_1_18' title="bbox 2072 3160 2222 3204">
     <span class='ocr_line' id='line_1_37' title="bbox 2072 3160 2222 3204; baseline 0 0"><span class='ocrx_word' id='word_1_121' title='bbox 2072 3160 2118 3204; x_wconf 90' lang='lat' dir='ltr'><strong>io</strong></span> <span class='ocrx_word' id='word_1_122' title='bbox 2143 3160 2222 3204; x_wconf 66' lang='lat' dir='ltr'><strong>lm</strong></span> 
     </span>
    </p>
   </div>
   <div class='ocr_carea' id='block_1_19' title="bbox 2126 3209 2178 3254">
    <p class='ocr_par' dir='ltr' id='par_1_19' title="bbox 2126 3209 2178 3254">
     <span class='ocr_line' id='line_1_38' title="bbox 2126 3209 2178 3254; baseline 0.019 -1"><span class='ocrx_word' id='word_1_123' title='bbox 2126 3209 2178 3254; x_wconf 89' lang='lat'><strong>10</strong></span> 
     </span>
    </p>
   </div>
   <div class='ocr_carea' id='block_1_20' title="bbox 2072 3533 2221 3579">
    <p class='ocr_par' dir='ltr' id='par_1_20' title="bbox 2072 3533 2221 3579">
     <span class='ocr_line' id='line_1_39' title="bbox 2072 3533 2221 3579; baseline 0 -1"><span class='ocrx_word' id='word_1_124' title='bbox 2072 3535 2119 3578; x_wconf 89' lang='lat' dir='ltr'><strong>io</strong></span> <span class='ocrx_word' id='word_1_125' title='bbox 2145 3533 2221 3579; x_wconf 84' lang='lat'><strong>191</strong></span> 
     </span>
    </p>
   </div>
   <div class='ocr_carea' id='block_1_21' title="bbox 2279 862 2902 1103">
    <p class='ocr_par' dir='ltr' id='par_1_21' title="bbox 2279 862 2902 1103">
     <span class='ocr_line' id='line_1_40' title="bbox 2279 862 2810 950; baseline -0.004 -18"><span class='ocrx_word' id='word_1_126' title='bbox 2279 871 2351 932; x_wconf 87' lang='lat' dir='ltr'><strong>ut</strong></span> <span class='ocrx_word' id='word_1_127' title='bbox 2393 862 2810 950; x_wconf 77' lang='lat' dir='ltr'><strong>eognoseatis</strong></span> 
     </span>
     <span class='ocr_line' id='line_1_41' title="bbox 2279 1015 2902 1103; baseline -0.006 -18"><span class='ocrx_word' id='word_1_128' title='bbox 2279 1016 2436 1103; x_wconf 87' lang='lat' dir='ltr'><strong>quia</strong></span> <span class='ocrx_word' id='word_1_129' title='bbox 2474 1015 2659 1084; x_wconf 72' lang='lat' dir='ltr'><strong>nulla</strong></span> <span class='ocrx_word' id='word_1_130' title='bbox 2700 1018 2902 1082; x_wconf 68' lang='lat' dir='ltr'><strong>eausa</strong></span> 
     </span>
    </p>
   </div>
   <div class='ocr_carea' id='block_1_22' title="bbox 2277 1166 2924 1237">
    <p class='ocr_par' dir='ltr' id='par_1_22' title="bbox 2277 1166 2924 1237">
     <span class='ocr_line' id='line_1_42' title="bbox 2277 1166 2924 1237; baseline -0.008 -1"><span class='ocrx_word' id='word_1_131' title='bbox 2277 1171 2344 1236; x_wconf 94' lang='lat' dir='ltr'><strong>in</strong></span> <span class='ocrx_word' id='word_1_132' title='bbox 2390 1190 2470 1237; x_wconf 87' lang='lat' dir='ltr'><strong>eo</strong></span> <span class='ocrx_word' id='word_1_133' title='bbox 2508 1167 2778 1236; x_wconf 87' lang='lat' dir='ltr'><strong>inuenio</strong></span> <span class='ocrx_word' id='word_1_134' title='bbox 2826 1166 2924 1232; x_wconf 78' lang='lat' dir='ltr'><strong>Ex</strong></span> 
     </span>
    </p>
   </div>
   <div class='ocr_carea' id='block_1_23' title="bbox 2162 1319 3027 1408">
    <p class='ocr_par' dir='ltr' id='par_1_23' title="bbox 2162 1319 3027 1408">
     <span class='ocr_line' id='line_1_43' title="bbox 2162 1319 3027 1408; baseline -0.006 -20"><span class='ocrx_word' id='word_1_135' title='bbox 2162 1397 2189 1408; x_wconf 51' lang='lat'>-</span> <span class='ocrx_word' id='word_1_136' title='bbox 2279 1322 2359 1389; x_wconf 92' lang='lat' dir='ltr'><strong>iit</strong></span> <span class='ocrx_word' id='word_1_137' title='bbox 2402 1342 2561 1407; x_wconf 78' lang='lat' dir='ltr'><strong>ergo</strong></span> <span class='ocrx_word' id='word_1_138' title='bbox 2604 1319 2711 1386; x_wconf 80' lang='lat' dir='ltr'><strong>ihs</strong></span> <span class='ocrx_word' id='word_1_139' title='bbox 2758 1326 3027 1405; x_wconf 83' lang='lat' dir='ltr'><strong>portans</strong></span> 
     </span>
    </p>
   </div>
   <div class='ocr_carea' id='block_1_24' title="bbox 2275 1474 2908 1560">
    <p class='ocr_par' dir='ltr' id='par_1_24' title="bbox 2275 1474 2908 1560">
     <span class='ocr_line' id='line_1_44' title="bbox 2275 1474 2908 1560; baseline -0.005 -20"><span class='ocrx_word' id='word_1_140' title='bbox 2275 1474 2511 1560; x_wconf 70' lang='lat' dir='ltr'><strong>spinea</strong></span> <span class='ocrx_word' id='word_1_141' title='bbox 2554 1484 2797 1540; x_wconf 74' lang='lat' dir='ltr'><strong>corona</strong></span> <span class='ocrx_word' id='word_1_142' title='bbox 2842 1478 2908 1538; x_wconf 89' lang='lat' dir='ltr'><strong>et</strong></span> 
     </span>
    </p>
   </div>
   <div class='ocr_carea' id='block_1_25' title="bbox 2278 1624 3028 4610">
    <p class='ocr_par' dir='ltr' id='par_1_25' title="bbox 2278 1624 2958 2782">
     <span class='ocr_line' id='line_1_45' title="bbox 2278 1624 2816 1713; baseline -0.009 -19"><span class='ocrx_word' id='word_1_143' title='bbox 2278 1636 2604 1713; x_wconf 75' lang='lat' dir='ltr'><strong>purpurea</strong></span> <span class='ocrx_word' id='word_1_144' title='bbox 2643 1624 2816 1691; x_wconf 86' lang='lat' dir='ltr'><strong>nesti</strong></span> 
     </span>
     <span class='ocr_line' id='line_1_46' title="bbox 2281 1775 2958 1847; baseline -0.009 0"><span class='ocrx_word' id='word_1_145' title='bbox 2281 1781 2505 1847; x_wconf 70' lang='lat' dir='ltr'><strong>menti</strong></span> <span class='ocrx_word' id='word_1_146' title='bbox 2550 1785 2617 1846; x_wconf 88' lang='lat' dir='ltr'><strong>et</strong></span> <span class='ocrx_word' id='word_1_147' title='bbox 2655 1777 2819 1844; x_wconf 86' lang='lat' dir='ltr'><strong>dieit</strong></span> <span class='ocrx_word' id='word_1_148' title='bbox 2861 1775 2958 1843; x_wconf 87' lang='lat' dir='ltr'><strong>eis</strong></span> 
     </span>
     <span class='ocr_line' id='line_1_47' title="bbox 2283 1932 2919 2001; baseline -0.011 0"><span class='ocrx_word' id='word_1_149' title='bbox 2283 1953 2435 2001; x_wconf 76' lang='lat' dir='ltr'><strong>eece</strong></span> <span class='ocrx_word' id='word_1_150' title='bbox 2478 1932 2674 1999; x_wconf 87' lang='lat' dir='ltr'><strong>homo</strong></span> <span class='ocrx_word' id='word_1_151' title='bbox 2719 1941 2800 1997; x_wconf 71' lang='lat' dir='ltr'><strong>esi</strong></span> <span class='ocrx_word' id='word_1_152' title='bbox 2846 1949 2919 1997; x_wconf 87' lang='lat' dir='ltr'><strong>er</strong></span> 
     </span>
     <span class='ocr_line' id='line_1_48' title="bbox 2282 2084 2929 2171; baseline -0.006 -20"><span class='ocrx_word' id='word_1_153' title='bbox 2282 2107 2369 2171; x_wconf 80' lang='lat' dir='ltr'><strong>go</strong></span> <span class='ocrx_word' id='word_1_154' title='bbox 2412 2084 2739 2152; x_wconf 87' lang='lat' dir='ltr'><strong>uidissent</strong></span> <span class='ocrx_word' id='word_1_155' title='bbox 2762 2101 2929 2170; x_wconf 64' lang='lat' dir='ltr'><strong>⁸eum</strong></span> 
     </span>
     <span class='ocr_line' id='line_1_49' title="bbox 2280 2233 2869 2324; baseline -0.008 -20"><span class='ocrx_word' id='word_1_156' title='bbox 2280 2236 2625 2324; x_wconf 75' lang='lat' dir='ltr'><strong>pontifices</strong></span> <span class='ocrx_word' id='word_1_157' title='bbox 2669 2242 2738 2303; x_wconf 88' lang='lat' dir='ltr'><strong>et</strong></span> <span class='ocrx_word' id='word_1_158' title='bbox 2780 2233 2869 2301; x_wconf 91' lang='lat' dir='ltr'><strong>mi</strong></span> 
     </span>
     <span class='ocr_line' id='line_1_50' title="bbox 2280 2360 2892 2458; baseline -0.007 -2"><span class='ocrx_word' id='word_1_159' title='bbox 2280 2389 2470 2458; x_wconf 88' lang='lat' dir='ltr'><strong>nistri</strong></span> <span class='ocrx_word' id='word_1_160' title='bbox 2517 2360 2892 2456; x_wconf 75' lang='lat' dir='ltr'><strong>elamabant</strong></span> 
     </span>
     <span class='ocr_line' id='line_1_51' title="bbox 2283 2538 2843 2610; baseline -0.011 0"><span class='ocrx_word' id='word_1_161' title='bbox 2283 2543 2578 2610; x_wconf 81' lang='lat' dir='ltr'><strong>dieentes</strong></span> <span class='ocrx_word' id='word_1_162' title='bbox 2624 2538 2843 2607; x_wconf 84' lang='lat' dir='ltr'><strong>erueifi</strong></span> 
     </span>
     <span class='ocr_line' id='line_1_52' title="bbox 2286 2694 2728 2782; baseline -0.009 -19"><span class='ocrx_word' id='word_1_163' title='bbox 2286 2716 2371 2782; x_wconf 82' lang='lat' dir='ltr'><strong>ge</strong></span> <span class='ocrx_word' id='word_1_164' title='bbox 2417 2694 2728 2779; x_wconf 82' lang='lat' dir='ltr'><strong>erueifige</strong></span> 
     </span>
    </p>

    <p class='ocr_par' dir='ltr' id='par_1_26' title="bbox 2281 2845 3028 3984">
     <span class='ocr_line' id='line_1_53' title="bbox 2287 2845 2898 2930; baseline -0.01 -14"><span class='ocrx_word' id='word_1_165' title='bbox 2287 2848 2468 2916; x_wconf 85' lang='lat' dir='ltr'><strong>Dieit</strong></span> <span class='ocrx_word' id='word_1_166' title='bbox 2511 2846 2609 2914; x_wconf 87' lang='lat' dir='ltr'><strong>eis</strong></span> <span class='ocrx_word' id='word_1_167' title='bbox 2656 2845 2898 2930; x_wconf 78' lang='lat' dir='ltr'><strong>pilatus</strong></span> 
     </span>
     <span class='ocr_line' id='line_1_54' title="bbox 2281 3001 2919 3087; baseline -0.008 -18"><span class='ocrx_word' id='word_1_168' title='bbox 2281 3001 2566 3087; x_wconf 77' lang='lat' dir='ltr'><strong>aecipite</strong></span> <span class='ocrx_word' id='word_1_169' title='bbox 2609 3018 2756 3066; x_wconf 86' lang='lat' dir='ltr'><strong>eum</strong></span> <span class='ocrx_word' id='word_1_170' title='bbox 2801 3015 2919 3064; x_wconf 86' lang='lat' dir='ltr'><strong>uos</strong></span> 
     </span>
     <span class='ocr_line' id='line_1_55' title="bbox 2282 3148 2944 3236; baseline -0.009 -15"><span class='ocrx_word' id='word_1_171' title='bbox 2282 3161 2350 3222; x_wconf 87' lang='lat' dir='ltr'><strong>et</strong></span> <span class='ocrx_word' id='word_1_172' title='bbox 2392 3150 2757 3236; x_wconf 81' lang='lat' dir='ltr'><strong>erueifigite</strong></span> <span class='ocrx_word' id='word_1_173' title='bbox 2801 3148 2944 3234; x_wconf 78' lang='lat' dir='ltr'><strong>Ego</strong></span> 
     </span>
     <span class='ocr_line' id='line_1_56' title="bbox 2281 3302 2879 3372; baseline -0.005 -1"><span class='ocrx_word' id='word_1_174' title='bbox 2281 3317 2389 3372; x_wconf 87' lang='lat' dir='ltr'><strong>eni</strong></span> <span class='ocrx_word' id='word_1_175' title='bbox 2432 3309 2565 3372; x_wconf 85' lang='lat' dir='ltr'><strong>no&#39;n</strong></span> <span class='ocrx_word' id='word_1_176' title='bbox 2611 3302 2879 3370; x_wconf 86' lang='lat' dir='ltr'><strong>inuenio</strong></span> 
     </span>
     <span class='ocr_line' id='line_1_57' title="bbox 2282 3456 3028 3539; baseline -0.007 -15"><span class='ocrx_word' id='word_1_177' title='bbox 2282 3457 2351 3524; x_wconf 94' lang='lat' dir='ltr'><strong>in</strong></span> <span class='ocrx_word' id='word_1_178' title='bbox 2396 3459 2479 3525; x_wconf 75' lang='lat' dir='ltr'><strong>eti</strong></span> <span class='ocrx_word' id='word_1_179' title='bbox 2523 3462 2723 3524; x_wconf 68' lang='lat' dir='ltr'><strong>eausa</strong></span> <span class='ocrx_word' id='word_1_180' title='bbox 2765 3456 3028 3539; x_wconf 87' lang='lat' dir='ltr'><strong>Respon</strong></span> 
     </span>
     <span class='ocr_line' id='line_1_58' title="bbox 2283 3608 2971 3677; baseline -0.007 0"><span class='ocrx_word' id='word_1_181' title='bbox 2283 3609 2521 3677; x_wconf 85' lang='lat' dir='ltr'><strong>derunt</strong></span> <span class='ocrx_word' id='word_1_182' title='bbox 2563 3610 2628 3677; x_wconf 87' lang='lat' dir='ltr'><strong>ei</strong></span> <span class='ocrx_word' id='word_1_183' title='bbox 2673 3608 2894 3677; x_wconf 86' lang='lat' dir='ltr'><strong>iudaei</strong></span> <span class='ocrx_word' id='word_1_184' title='bbox 2964 3661 2971 3672; x_wconf 89' lang='lat'><em>.</em></span> 
     </span>
     <span class='ocr_line' id='line_1_59' title="bbox 2281 3731 2954 3850; baseline -0.006 -20"><span class='ocrx_word' id='word_1_185' title='bbox 2281 3784 2401 3831; x_wconf 92' lang='lat' dir='ltr'><strong>nos</strong></span> <span class='ocrx_word' id='word_1_186' title='bbox 2445 3764 2596 3850; x_wconf 79' lang='lat' dir='ltr'><strong>lege</strong></span> <span class='ocrx_word' id='word_1_187' title='bbox 2637 3731 2954 3829; x_wconf 84' lang='lat' dir='ltr'><strong>habemus</strong></span> 
     </span>
     <span class='ocr_line' id='line_1_60' title="bbox 2283 3915 2684 3984; baseline -0.01 -1"><span class='ocrx_word' id='word_1_188' title='bbox 2283 3926 2350 3984; x_wconf 87' lang='lat' dir='ltr'><strong>et</strong></span> <span class='ocrx_word' id='word_1_189' title='bbox 2392 3915 2684 3983; x_wconf 75' lang='lat' dir='ltr'><strong>seeundfl</strong></span> 
     </span>
    </p>

    <p class='ocr_par' dir='ltr' id='par_1_27' title="bbox 2281 4066 2878 4305">
     <span class='ocr_line' id='line_1_61' title="bbox 2281 4066 2878 4154; baseline -0.003 -20"><span class='ocrx_word' id='word_1_190' title='bbox 2281 4069 2432 4154; x_wconf 78' lang='lat' dir='ltr'><strong>lege</strong></span> <span class='ocrx_word' id='word_1_191' title='bbox 2479 4067 2677 4136; x_wconf 87' lang='lat' dir='ltr'><strong>debet</strong></span> <span class='ocrx_word' id='word_1_192' title='bbox 2713 4066 2878 4134; x_wconf 84' lang='lat' dir='ltr'><strong>mori</strong></span> 
     </span>
     <span class='ocr_line' id='line_1_62' title="bbox 2282 4217 2800 4305; baseline -0.004 -18"><span class='ocrx_word' id='word_1_193' title='bbox 2282 4221 2440 4305; x_wconf 89' lang='lat' dir='ltr'><strong>quia</strong></span> <span class='ocrx_word' id='word_1_194' title='bbox 2480 4220 2685 4287; x_wconf 85' lang='lat' dir='ltr'><strong>filium</strong></span> <span class='ocrx_word' id='word_1_195' title='bbox 2730 4217 2800 4286; x_wconf 85' lang='lat' dir='ltr'><strong>di</strong></span> 
     </span>
    </p>

    <p class='ocr_par' dir='ltr' id='par_1_28' title="bbox 2284 4372 2905 4610">
     <span class='ocr_line' id='line_1_63' title="bbox 2284 4372 2905 4456; baseline -0.005 -16"><span class='ocrx_word' id='word_1_196' title='bbox 2284 4393 2357 4441; x_wconf 88' lang='lat' dir='ltr'><strong>se</strong></span> <span class='ocrx_word' id='word_1_197' title='bbox 2402 4372 2560 4441; x_wconf 86' lang='lat' dir='ltr'><strong>feeit</strong></span> <span class='ocrx_word' id='word_1_198' title='bbox 2601 4372 2700 4439; x_wconf 73' lang='lat' dir='ltr'><strong>Oti</strong></span> <span class='ocrx_word' id='word_1_199' title='bbox 2746 4390 2905 4456; x_wconf 78' lang='lat' dir='ltr'><strong>ergo</strong></span> 
     </span>
     <span class='ocr_line' id='line_1_64' title="bbox 2285 4524 2865 4610; baseline -0.003 -19"><span class='ocrx_word' id='word_1_200' title='bbox 2285 4524 2577 4592; x_wconf 80' lang='lat' dir='ltr'><strong>audisset</strong></span> <span class='ocrx_word' id='word_1_201' title='bbox 2620 4525 2865 4610; x_wconf 87' lang='lat' dir='ltr'><strong>pilatus</strong></span> 
     </span>
    </p>
   </div>
   <div class='ocr_carea' id='block_1_26' title="bbox 2277 4678 2795 4880">
    <p class='ocr_par' dir='ltr' id='par_1_29' title="bbox 2277 4678 2795 4880">
     <span class='ocr_line' id='line_1_65' title="bbox 2279 4678 2795 4746; baseline -0.004 -1"><span class='ocrx_word' id='word_1_202' title='bbox 2279 4678 2452 4745; x_wconf 84' lang='lat' dir='ltr'><strong>huno</strong></span> <span class='ocrx_word' id='word_1_203' title='bbox 2493 4687 2795 4746; x_wconf 79' lang='lat' dir='ltr'><strong>sermone</strong></span> 
     </span>
     <span class='ocr_line' id='line_1_66' title="bbox 2277 4813 2465 4880; baseline 0 0"><span class='ocrx_word' id='word_1_204' title='bbox 2277 4813 2465 4880; x_wconf 86' lang='lat' dir='ltr'><strong>XXV</strong></span> 
     </span>
    </p>
   </div>
  </div>
 </body>
</html>
