3634 5717
354 677 475 741 Fol
526 678 647 743 158

370 3211 472 3410 {Ego-a

454 3483 494 3549 N>
465 3262 520 3409 *23
444 3019 510 3203 ἔξω

371 3106 436 3204 δ’ἐξ-’5
373 3020 424 3086 0

397 880 482 946 52
533 918 536 922 -
571 877 1004 964 interrogauit
1043 897 1202 962 ergo
1248 876 1333 942 ho

561 1036 637 1097 τῑι
683 1032 766 1097 ab
811 1031 907 1096 eis
955 1030 1021 1094 in
1071 1050 1200 1113 qua
1240 1030 1473 1096 melius

561 1183 884 1250 habuerat
927 1191 993 1250 et
1011 1201 1028 1228 ¹
1042 1183 1348 1249 dixerunt

566 1337 626 1402 ei
675 1336 831 1420 quia
877 1336 1018 1403 heri
1066 1336 1231 1401 hora
1274 1355 1392 1420 sep

568 1488 729 1555 tima
774 1488 1039 1570 reliquit
1084 1490 1164 1554 efi
1213 1488 1276 1552 fe

397 1649 481 1713 53
569 1640 703 1707 bris
743 1641 1056 1726 cognouit
1092 1661 1252 1727 ergo

576 1800 764 1878 pater
808 1793 963 1878 quia
1007 1793 1125 1859 illa
1167 1793 1332 1859 hora

571 1953 716 2013 erat
761 1967 892 2030 qua
933 1945 1104 2012 dixit
1148 1946 1209 2011 ei
1255 1945 1361 2015 ihs

571 2098 744 2165 filius
789 2107 937 2165 tuus
977 2099 1142 2166 uiuit
1188 2105 1253 2164 et

572 2251 853 2318 credidit
898 2252 1043 2336 ipse
1087 2258 1153 2318 et
1195 2250 1281 2318 do

398 2405 484 2469 54
571 2425 712 2470 mus
758 2406 898 2472 eius
943 2411 1083 2471 tota
1129 2405 1252 2471 hoc
1295 2404 1318 2467 i

572 2559 715 2624 terfi
762 2557 1055 2624 secunda
1099 2558 1296 2641 signfl

576 2711 730 2778 fecit
773 2711 877 2776 ihs
923 2730 1067 2777 cum
1112 2710 1299 2777 uenis

572 2872 673 2931 set
711 2886 755 2931 a
792 2863 1010 2931 indaea
1048 2864 1114 2929 in
1160 2862 1426 2948 galilaea

573 3019 735 3084 Post
776 3017 943 3084 haec
986 3023 1128 3083 erat
1172 3015 1316 3083 dies

575 3170 781 3236 festus
821 3167 1095 3234 iudeorfi
1144 3176 1209 3234 et

581 3321 881 3389 ascendit
922 3321 1024 3387 ihs
1068 3310 1328 3388 hiel-oso

582 3477 778 3563 lymis
824 3482 925 3543 est
970 3485 1119 3542 aute

583 3629 1043 3714 hierosolymis
1086 3630 1292 3714 proba

582 3783 717 3850 tica
761 3782 1020 3868 piscina
1063 3802 1207 3867 quas
1251 3781 1383 3848 dici

582 3942 693 4003 tur
735 3935 1038 4003 hebreice
1081 3935 1235 4001 beth

587 4088 780 4156 saida
823 4088 1039 4173 quinq'
1084 4088 1371 4173 porticos

455 4236 496 4302 3
581 4242 833 4309 habens
877 4240 945 4307 in
991 4241 1094 4307 his
1140 4240 1400 4318 iacebat

584 4393 931 4461 multitudo
978 4414 1223 4477 magna

581 4545 971 4633 languentifi
1017 4545 1271 4611 caecorfi

585 4699 902 4768 claudorfi
949 4698 1216 4765 aridorfi

1432 674 1814 740 Iohc45

2778 671 2904 735 315

1891 876 2401 961 paralyticorum
2451 895 2657 959 expec

1891 1029 2172 1096 tantiam
2219 1048 2427 1110 aquae
2471 1029 2651 1093 motfi

1891 1183 2166 1269 angelus
2210 1187 2363 1247 aute
2408 1180 2698 1247 secundfi

1889 1343 2149 1419 tempus
2192 1334 2638 1401 descendebat

1777 1561 1786 1577 ,
1891 1490 1958 1554 in
2003 1486 2321 1573 piscinam
2370 1493 2436 1552 et
2480 1492 2707 1553 centur

1888 1641 2089 1707 habat
2132 1660 2366 1723 aquam
2413 1640 2668 1723 quicum

1892 1795 1950 1877 q'
1994 1814 2154 1878 ergo
2200 1791 2653 1859 descendisset

1891 1954 2043 2032 post
2087 1946 2376 2013 motione
2418 1965 2627 2028 aquae

1894 2119 2092 2167 sanus
2137 2098 2339 2165 fiebat
2377 2104 2715 2182 quficflque

1894 2253 2225 2320 teneretur
2270 2250 2584 2316 infirmita

1893 2414 1977 2474 te.
2024 2411 2166 2471 erat
2209 2409 2360 2470 aute
2407 2401 2673 2486 quidam

1895 2559 2090 2625 homo
2136 2557 2229 2624 ibi
2273 2556 2552 2640 triginta
2595 2561 2660 2620 et

1899 2718 2046 2778 octo
2093 2711 2286 2778 annis
2332 2709 2586 2775 habens
2633 2706 2699 2770 in

1771 2862 1810 2924 6
1897 2864 2279 2931 infirmitate
2323 2883 2445 2928 sua
2489 2861 2660 2926 hunc

1900 3038 2042 3084 cum
2089 3017 2368 3082 uidisset
2407 3014 2511 3080 ihs
2553 3014 2742 3080 iacen

1900 3178 2030 3236 tem
2079 3177 2155 3236 eb
2189 3167 2609 3253 cognouisset

1902 3323 2058 3406 quia
2100 3322 2307 3387 multfi
2343 3320 2473 3386 iam
2520 3327 2742 3403 tempu

1901 3496 1932 3541 s
1976 3474 2249 3541 haberet
2292 3473 2359 3538 in
2405 3474 2651 3556 langue

1905 3638 1973 3694 re
2021 3627 2184 3695 dicit
2225 3626 2286 3692 ei
2330 3626 2429 3691 uis
2474 3644 2673 3691 sanus
2717 3622 2757 3688 fi

1905 3780 2000 3848 eri
2047 3788 2113 3846 et
2154 3776 2499 3863 respondit
2538 3776 2652 3843 ille

1903 3933 2256 4018 languidus
2302 3929 2434 3997 dfie
2473 3929 2734 3995 homine

1904 4107 2035 4153 non
2079 4085 2293 4152 habeo
2338 4091 2408 4150 ut
2453 4103 2597 4150 cum
2643 4090 2750 4148 tur

1904 4240 2061 4305 bata
2104 4238 2301 4305 fuerit
2345 4257 2517 4321 aqna
2562 4236 2680 4301 mit

1907 4398 2006 4459 tat
2043 4411 2148 4458 me
2194 4391 2262 4456 in
2308 4389 2566 4474 piscini
2609 4389 2760 4456 dum

1907 4544 2100 4612 nenio
2147 4542 2282 4610 eni†
2330 4541 2498 4609 alius
2545 4545 2699 4608 ante

2315 4628 2340 4677 †
2369 4640 2454 4679 eto

1913 4717 2017 4763 me
2062 4694 2406 4764 descendit
