3634 5717
761 638 892 706 250

796 844 881 909 46

793 1459 873 1522 47

761 1545 807 1588 lo
831 1543 910 1588 159

812 1594 862 1639 10

795 3313 878 3377 49

761 3396 908 3492 3¹13·ss

761 3500 906 3594 mt596

791 4216 870 4279 51

1870 640 1964 708 Lc
2004 640 2056 708 O
2104 643 2182 709 12

973 845 1195 911 ueniet
1240 844 1365 910 diis
1406 845 1580 911 serui
1627 845 1804 911 illius
2288 845 2474 911 uobis
2519 842 2639 911 sed
2682 843 3103 929 separatione

967 998 1036 1063 in
1087 997 1196 1064 die
1240 1018 1371 1082 qua
1414 1019 1543 1065 non
1591 1005 1814 1083 sperat
1858 1004 1925 1065 et
2115 1003 2199 1067 52
2288 1005 2476 1064 erunt
2519 1008 2629 1064 eni
2673 1017 2756 1064 ex
2797 996 2923 1064 hoc
2968 997 3187 1082 quinq'

972 1152 1136 1217 hora
1179 1172 1309 1235 qua
1353 1151 1563 1218 nescit
1607 1157 1673 1217 et
1716 1150 1856 1217 diui
2287 1152 2354 1217 in
2401 1150 2596 1217 domo
2639 1170 2775 1217 una
2817 1149 3017 1217 diuisi
3059 1158 3198 1217 tres

972 1304 1084 1371 det
1128 1306 1211 1372 οῦ
1258 1305 1573 1389 partemq'
1619 1303 1759 1370 eius
1806 1306 1886 1370 cfi
2113 1308 2217 1373 53·
2284 1305 2352 1370 in
2401 1280 2529 1370 (luo
2575 1310 2641 1370 et
2684 1302 2814 1370 duo
2862 1304 2931 1369 in
2974 1311 3107 1369 tres
3153 1280 3232 1369 ‹1'i

951 1442 1283 1525 -infidelib'
1327 1458 1514 1543 ponit
1558 1459 1678 1524 Ille
1723 1465 1873 1524 aute
1938 1556 1947 1561 Π
2284 1458 2590 1524 uidentur
2630 1465 2819 1541 pater
2862 1457 2931 1523 in
2975 1455 3070 1521 fili

969 1631 1195 1678 seruus
1241 1612 1352 1696 qui
1402 1611 1714 1696 cognouit
1754 1632 1838 1678 uo
2018 1593 2023 1598 ⁸
2283 1614 2326 1677 ᾗ
2373 1618 2439 1678 et
2481 1610 2656 1676 filius
2701 1610 2767 1676 in
2815 1618 3001 1695 patre
3047 1611 3167 1676 susi

970 1765 1221 1830 luntate
1268 1764 1384 1830 dfii
1424 1764 1525 1831 sui
1572 1772 1638 1831 et
1682 1785 1810 1831 non
1859 1785 1994 1849 prae
2284 1772 2494 1832 mater
2537 1764 2605 1830 in
2650 1763 2789 1829 filia
2832 1769 2899 1830 et
2942 1763 3082 1830 filia
3137 1762 3212 1827 in

972 1918 1233 2002 parauit
1278 1925 1344 1984 et
1388 1938 1517 1983 non
1564 1918 1722 1984 fecit
1764 1937 1838 1983 se
2287 1924 2495 1985 matre
2542 1937 2765 1984 socrus
2807 1917 2876 1983 in
2922 1917 3087 1983 nuri

971 2069 1187 2136 cundfi
1233 2072 1569 2138 uoluntate
1617 2072 1679 2137 ei
1745 2060 1754 2069 ⁴
2284 2082 2403 2138 sua
2447 2079 2513 2138 et
2557 2092 2754 2139 nurus
2798 2072 2867 2137 in
2914 2071 3278 2138 socrfl'sua

970 2244 1046 2291 us
1093 2226 1434 2310 uapulauit
1478 2224 1699 2291 multis
1746 2223 1856 2308 qvi
2079 2225 2224 2354 ¹053„
2286 2226 2566 2292 Dicebat
2612 2226 2669 2290 h’
2710 2233 2775 2292 et
2819 2224 2908 2292 ad
2945 2226 3169 2291 turbas

967 2385 1118 2445 aute
1163 2400 1292 2445 non
1340 2379 1652 2463 cognouit
1696 2384 1762 2443 et
1806 2380 1869 2444 fe
2078 2362 2252 2457 mt5162
2287 2399 2431 2445 cum
2475 2378 2778 2446 uideritis
2823 2379 2995 2445 nube
3039 2377 3139 2455 ori

969 2533 1059 2599 cit
1101 2531 1309 2618 digna
1352 2532 1573 2617 plagis
1619 2532 1866 2616 uapula
2284 2540 2434 2599 ente
2480 2534 2565 2598 ab
2610 2552 2807 2599 ocasu
2852 2531 3074 2599 statim

967 2686 1064 2751 vit
1108 2686 1335 2770 paucis
1382 2686 1558 2752 omni
1607 2692 1755 2752 aute
1804 2686 1907 2750 cui
2284 2686 2505 2752 dicitis
2544 2686 2762 2770 nymh'
2808 2686 2989 2751 uenit
3034 2691 3100 2751 et

970 2840 1178 2906 multi]
1225 2839 1384 2907 date
1428 2847 1528 2906 est
1571 2840 1780 2905 multa
2107 2841 2192 2908 55
2281 2842 2376 2908 ita
2419 2840 2532 2905 fiet
2576 2846 2643 2907 et
2680 2850 2760 2905 οὐ
2808 2840 3032 2906 austrfi
3077 2838 3214 2905 fian

967 3001 1294 3078 quaeratur
1339 2995 1422 3060 ab
1467 3014 1544 3059 eo
1591 3000 1657 3059 et
1701 2993 1804 3059 cui
1851 3004 1927 3059 cf>
2171 3046 2179 3054 .
2282 3001 2347 3061 te
2394 2993 2614 3060 dicitis
2663 2992 2817 3076 quia
2862 2999 3058 3058 aestus
3104 2992 3234 3059 erit

967 3145 1442 3214 mendauerunt
1487 3146 1758 3213 multum
2109 3152 2196 3217 56
2282 3153 2349 3216 et
2393 3148 2505 3214 fiet
2545 3146 2933 3233 hypocritae
2977 3145 3110 3212 faci

967 3300 1113 3385 plus
1159 3306 1386 3385 petent
1431 3301 1515 3365 ab
1560 3320 1638 3366 eo
1683 3301 1849 3383 Igne
2282 3322 2385 3368 em
2432 3299 2602 3367 caeli
2648 3305 2714 3365 et
2757 3305 2972 3366 terrae
3016 3319 3137 3364 nos

969 3453 1121 3520 ueni
1167 3454 1425 3519 mittere
1470 3453 1537 3518 in
1584 3460 1758 3520 terra
2280 3454 2365 3519 tis
2412 3455 2690 3538 probare
2734 3452 2861 3518 hoc
2904 3459 3054 3518 aute

968 3614 1033 3674 et
1077 3606 1233 3691 quid
1275 3608 1427 3673 uolo
1474 3607 1603 3672 nisi
1649 3626 1847 3672 accen
2281 3614 2539 3692 tempus
2583 3604 2906 3690 quomodo
2951 3625 3083 3671 non

967 3760 1164 3827 datur
1206 3761 1540 3846 baptisma
1583 3767 1732 3825 aute
2110 3760 2191 3823 57
2283 3761 2577 3846 probatis
2622 3759 2780 3844 quid
2825 3765 2974 3826 aute
3022 3765 3089 3824 et

965 3915 1177 3981 habeo
1224 3912 1542 3997 baptizari
1588 3918 1653 3977 et
1698 3932 1824 3993 quo
2282 3934 2323 3979 a
2363 3912 2551 3979 uobis
2598 3912 2761 3997 ipsis
2804 3932 2935 3978 non
2980 3908 3203 3977 iudica

967 4065 1161 4132 modo
1206 4072 1462 4131 coartor
1505 4065 1641 4147 usq’
1687 4062 1800 4144 dfi·
2066 4079 2075 4088 ·
2280 4067 2365 4131 tis
2392 4032 2585 4150 *quod
2630 4065 2807 4133 iustfi
2848 4071 2950 4132 est

967 4218 1343 4304 perficiatur
1385 4218 1629 4303 putatis
1677 4217 1733 4301 q'
2072 4219 2221 4348 ιθ51862
2279 4218 2441 4284 Cum
2487 4226 2639 4287 aute
2683 4219 2875 4287 uadis
2920 4218 3000 4284 οῦ
3047 4217 3133 4284 ad

966 4392 1196 4457 pacem
1240 4371 1395 4438 ueni
1442 4370 1601 4438 dare
1649 4370 1714 4436 in
1760 4378 1861 4437 ter
2072 4355 2218 4450 mt⁵37
2280 4372 2575 4440 uel-sario
2615 4378 2725 4439 tuo
2771 4371 2858 4438 ad
2902 4370 3112 4456 princi

1133 4538 1206 4590 ra
1252 4545 1378 4591 non
1424 4522 1571 4589 dico
2280 4539 2362 4612 pe
2408 4527 2474 4592 in
2520 4527 2632 4593 uia
2676 4525 2764 4591 da
2808 4536 3009 4609 opera
