3634 5717
779 630 908 692 240
1840 615 1925 693 Le
1969 634 2017 687 (⁸
2076 638 2148 695 w
2203 636 2259 694 11

815 832 898 895 35
984 839 1051 895 et
1097 835 1256 896 eura
1300 830 1443 895 eius
1505 831 1646 914 egit
1689 840 1755 898 et
1798 832 2012 897 altera

991 983 1100 1049 die
1148 982 1421 1066 protulit
1465 982 1631 1047 duos
1663 960 1970 1049 denarios

994 1145 1059 1201 et
1103 1136 1287 1201 dedit
1331 1135 1695 1199 stabulario
1740 1144 1805 1199 et
1851 1135 1946 1200 ait

996 1293 1151 1353 eura
1195 1287 1370 1352 illius
1418 1286 1581 1351 habe
1629 1295 1695 1349 et
1740 1286 1911 1368 quod

997 1440 1138 1522 efiq'
1183 1437 1763 1522 supererogaueris
1803 1458 1840 1502 e

998 1614 1082 1675 gn
1129 1593 1206 1655 es]
1256 1591 1511 1655 rediero
1560 1589 1762 1655 reddit
1800 1589 1849 1653 ti

823 1738 907 1798 36
997 1745 1059 1809 bi
1106 1743 1267 1820 Quis
1314 1742 1475 1805 horu
1523 1741 1649 1806 triu
1691 1740 1843 1807 uide

997 1906 1102 1960 tur
1147 1896 1263 1959 tibi
1311 1895 1643 1977 proximus
1683 1893 1816 1957 ’fuis

1000 2069 1071 2113 se
1117 2047 1214 2110 ἰΙΙί
1260 2046 1368 2128 qui
1406 2044 1640 2110 incidit
1673 2044 1736 2109 in
1774 2045 1941 2108 latro

827 2195 906 2259 37
1000 2218 1133 2264 nes.
1190 2204 1257 2262 at
1316 2197 1427 2262 ille
1478 2196 1647 2260 dixit
1697 2196 1806 2278 qui
1856 2180 2010 2261 feeit

991 2349 1443 2416 misericordia
1485 2348 1548 2412 in
1597 2348 1717 2412 infi
1762 2356 1830 2411 et
1873 2346 1967 2412 ait

993 2503 1090 2567 illi
1140 2501 1244 2567 ihs
1288 2501 1461 2567 uade
1510 2509 1575 2565 et
1617 2509 1688 2565 tu
1737 2501 1842 2565 fae
1883 2500 1938 2563 si

821 2657 902 2717 38
990 2655 1233 2719 militer
1275 2655 1480 2718 Facto
1525 2660 1626 2717 est
1670 2658 1822 2716 aute

993 2807 1080 2871 du
1131 2807 1299 2871 irent
1343 2812 1410 2867 et
1455 2805 1597 2887 ipse
1644 2804 1816 2867 iutra

977 2959 1092 3023 uit
1131 2959 1195 3022 in
1243 2955 1577 3039 quoddam
1622 2955 1825 3020 eaetel

993 3111 1058 3175 lu
1107 3116 1172 3173 et
1215 3108 1451 3172 mulier
1488 3104 1723 3189 quaeda
1768 3126 1908 3172 mar
1953 3111 1963 3122 '

993 3262 1108 3327 tha
1152 3259 1416 3325 nomine
1466 3260 1729 3343 excepit
1773 3259 1817 3322 il

824 3423 907 3488 39
995 3415 1060 3478 lfi
1110 3414 1175 3478 in
1223 3411 1420 3476 domu
1468 3416 1589 3476 sua
1627 3411 1726 3491 *Et
1771 3411 1925 3475 huie
1969 3430 2005 3474 e

991 3575 1091 3633 rat
1134 3540 1318 3629 seror
1363 3564 1626 3628 nomine
1669 3563 1881 3628 maria

989 3741 1132 3803 quae
1178 3717 1311 3783 etia
1353 3737 1541 3781 secus
1588 3713 1790 3798 pedes

989 3871 1102 3936 diii
1150 3868 1389 3944 sedens
1440 3865 1749 3933 audiebat

819 4020 904 4079 40
990 4023 1190 4086 uei-bs]
1242 4022 1416 4084 illius
1466 4018 1719 4083 Martha
1765 4038 1849 4083 av

990 4181 1053 4237 te
1101 4173 1450 4255 satagebat
1495 4169 1671 4235 eirea
1715 4172 1812 4235 fre

990 4344 1196 4405 quens-1
1244 4321 1607 4387 ministeriu
1658 4342 1800 4404 quae

1171 4510 1184 4523 ·
1296 4474 1476 4540 stetit

2316 841 2383 896 et
2428 833 2523 897 ait
2566 833 2696 897 due
2741 852 2868 896 non
2917 840 3017 897 est
3061 832 3114 897 ti
3182 872 3191 883 -

2317 984 2378 1048 bi
2427 1003 2622 1049 curae
2666 982 2836 1067 quod
2882 1003 3067 1048 soror

2317 1155 2467 1201 mea
2513 1134 2792 1216 reliquid
2842 1155 2945 1200 me
2990 1154 3064 1199 so

2318 1286 2382 1351 Ιίι
2427 1286 2799 1352 ministrare
2846 1285 2954 1351 die
2998 1306 3067 1349 er

2318 1458 2403 1519 go
2449 1437 2547 1502 illi
2597 1446 2664 1503 ut
2710 1458 2812 1503 me
2858 1436 3127 1504 adiuuet

2146 1597 2218 1659 41
2320 1590 2400 1654 Et
2447 1589 2851 1673 respondens
2896 1588 3011 1653 dix

2318 1741 2370 1806 it
2415 1741 2510 1805 illi
2559 1740 2683 1806 dus
2728 1742 2985 1808 martha
3030 1762 3172 1806 mar

2318 1894 2434 1960 tha
2478 1894 2764 1960 sollicita
2808 1914 2878 1960 es
2921 1903 2986 1959 et

2319 2047 2601 2113 turbaris
2646 2067 2808 2130 erga
2854 2046 2964 2130 plu

2146 2205 2230 2269 42
2319 2198 2485 2264 rima
2531 2219 2722 2283 porro
2768 2208 2904 2264 um'i
2951 2206 3053 2264 est

2318 2350 2692 2416 neeessariu
2740 2353 2952 2417 maria

2313 2502 2565 2584 optima
2611 2512 2793 2586 parte
2841 2503 3046 2587 elegit

2312 2673 2483 2735 quae
2529 2675 2653 2718 non
2702 2657 3041 2722 auferetur

2315 2805 2398 2871 ab
2446 2825 2527 2871 ea

2110 2956 2257 3086 §inl
2314 2957 2395 3021 Et
2439 2958 2616 3022 faetfi
2664 2936 2764 3024 est
2807 2970 2887 3024 esi
2932 2980 3005 3025 es

2151 3056 2173 3086 1·
2197 3070 2207 3081 .

2109 3095 2151 3137 lo
2177 3094 2254 3137 122

2184 3145 2211 3187 5
2313 3116 2414 3174 set
2458 3109 2524 3173 iu
2572 3109 2716 3174 loeo
2761 3111 2981 3193 quoda
3022 3131 3062 3176 ο

2108 3196 2253 3241 mt44

2313 3280 2466 3325 rans
2513 3267 2585 3326 ut
2630 3262 2919 3327 cessauit
2961 3262 3077 3327 dix

2314 3410 2365 3476 it
2408 3431 2580 3477 uuus
2626 3433 2708 3479 ex
2752 3413 3099 3498 discipulis

2314 3562 2457 3628 eius
2503 3562 2587 3629 ad
2636 3565 2716 3630 eu
2764 3565 2893 3632 due
2939 3564 3101 3631 doee

2314 3735 2431 3779 nos
2479 3736 2665 3781 orare
2711 3716 2883 3781 sieut
2927 3715 3123 3782 iohan

2315 3867 2415 3931 nis
2462 3867 2686 3932 docuit
2729 3850 3093 3951 discipulos

2180 4033 2220 4093 2
2309 4038 2465 4083 suos
2511 4029 2577 4085 et
2619 4021 2714 4085 ait
2758 4021 2891 4087 illis
2936 4031 3015 4086 eu
3062 4042 3184 4085 ora

2312 4171 2397 4237 tis
2443 4172 2644 4239 dieite
2686 4180 2876 4257 pater
2920 4184 3013 4238 soi

2313 4325 2542 4389 ficetur
2591 4346 2820 4389 nomen
2869 4325 2982 4389 tufi
