3634 5717
680 660 811 725 220
1822 658 2095 725 Loco

718 863 802 927 38
889 860 1077 928 uobis
1124 860 1280 929 date
1324 868 1393 930 et
1435 861 1700 930 dabitur

883 1013 1071 1080 uobis
1119 1025 1424 1081 mensura
1468 1015 1641 1082 bona

880 1164 1188 1249 confer-sa
1232 1173 1299 1234 et
1342 1166 1611 1252 coagita

884 1324 953 1386 ta
995 1323 1065 1386 et
1106 1318 1615 1404 supereffluente

885 1470 1138 1539 dabunt
1180 1470 1251 1537 in
1294 1469 1448 1537 sinn
1491 1491 1609 1540 ues

887 1624 992 1688 tri’i
1037 1621 1203 1690 eade
1249 1641 1558 1691 mensura

886 1793 1017 1858 qva
1059 1774 1269 1842 mensi
1316 1772 1573 1843 fueritis
1617 1793 1795 1840 reme

681 1927 801 2054 ¹qu
882 1924 1080 1993 tietur
1125 1926 1334 1994 uobis.
1379 1925 1661 1993 Dicebat
1703 1925 1763 1991 h’

679 2060 848 2156 „⁵15⁷
886 2076 1020 2144 inis
1064 2082 1132 2145 et
1172 2075 1605 2145 similitudine

887 2232 978 2296 nfi
1023 2229 1134 2315 qui
1181 2236 1401 2315 potest
1441 2248 1632 2298 cecvs

884 2393 1044 2452 cocu
1089 2382 1329 2450 dvcere
1373 2402 1593 2450 nonne
1637 2393 1678 2448 a

884 2537 967 2603 bo
1013 2535 1084 2602 in
1129 2537 1325 2603 fouea
1366 2534 1609 2602 cadent

696 2690 800 2819 ἐξ
881 2689 1029 2754 Non
1074 2692 1176 2754 est
1218 2668 1583 2772 discipulus

753 2827 820 2921 391
882 2859 1082 2924 super
1125 2838 1448 2926 magistri]
1491 2859 1610 2923 per

772 2930 823 2974 2⁸
881 2992 1091 3060 fectus
1134 2992 1196 3058 h'
1239 2990 1453 3058 omnis
1498 2990 1625 3057 erit

676 2775 693 2819 —

675 2878 750 2973 55.

880 3144 939 3212 si
983 3143 1073 3211 sit
1114 3142 1286 3211 sieut
1330 3141 1647 3228 magister

673 3286 814 3415 Bfflffi
881 3298 1024 3366 eins
1068 3295 1242 3377 Quid
1286 3296 1347 3362 h'
1391 3294 1578 3362 uides
1622 3296 1719 3363 fes

675 3423 719 3466 ιο
745 3423 798 3466 59

675 3474 818 3568 mt⁵52
883 3454 1042 3585 tuci}
1083 3449 1151 3517 in
1196 3450 1386 3583 oculo
1430 3449 1654 3517 fratris
1693 3450 1787 3516 tui

878 3602 1065 3669 trabe
1110 3602 1171 3668 h'
1214 3623 1360 3689 quae
1401 3603 1472 3670 in
1517 3600 1704 3669 ocvlo
1747 3608 1858 3669 tuo

708 3746 793 3811 42
879 3760 981 3821 est
1023 3775 1155 3822 non
1199 3754 1580 3823 consideras
1625 3760 1739 3822 aut

878 3906 1203 3991 quomodo
1247 3914 1437 3993 potes
1479 3905 1628 3974 (lice

874 4079 946 4125 re
991 4059 1179 4125 fratri
1222 4065 1333 4125 tuo
1378 4057 1524 4125 sine

2211 859 2383 927 eicia
2432 861 2683 926 festuca
2725 858 2812 926 de
2856 879 2979 925 ocv

2210 1012 2276 1079 lo
2321 1018 2433 1079 tuo
2482 1018 2550 1079 et
2592 1032 2747 1080 ecce
2789 1011 2861 1078 in
2906 1011 3096 1078 oculo

2210 1170 2321 1230 tuo
2367 1163 2573 1231 trahis
2615 1164 2916 1231 subiacet

2210 1315 2563 1402 hypocrita
2604 1316 2748 1383 eice
2798 1315 3013 1401 primi‘r

2209 1469 2399 1537 trabe
2443 1467 2528 1535 de
2573 1467 2762 1535 ocvlo
2807 1428 2918 1536 tuo
2962 1474 3032 1537 et

2209 1627 2365 1687 tunc
2407 1618 2732 1705 perspicis
2776 1626 2850 1688 ut
2891 1639 2931 1687 e

2208 1771 2413 1840 ducas
2456 1772 2710 1839 festuca
2750 1771 2837 1839 (le
2879 1772 3068 1865 ocylo

2001 1911 2126 2041 ¹33)
2210 1924 2434 1991 fratris
2478 1923 2573 1991 tui
2608 1925 2756 1991 Non
2801 1928 2906 1991 est
2945 1945 2985 1991 e

2004 2100 2151 2143 mmo
2212 2086 2280 2141 ni
2320 2075 2516 2142 arhor
2558 2076 2736 2144 hona
2769 2095 2940 2161 quae

2209 2226 2372 2295 facit
2413 2227 2661 2296 fructus
2700 2227 2910 2295 malos

2209 2380 2355 2466 neq’
2401 2380 2596 2448 arhor
2640 2379 2821 2449 mala
2860 2381 2992 2449 faci

2034 2525 2120 2591 44
2207 2552 2326 2602 ens
2371 2534 2585 2601 fructu
2630 2532 2808 2600 homi
2851 2553 2985 2601 una

2207 2684 2395 2771 queq'
2444 2686 2639 2753 arbor
2682 2682 2769 2752 de
2810 2685 3022 2752 fructu
3064 2704 3187 2751 svo

2002 2833 2048 2878 ¹⁰
2071 2832 2121 2926 ’,ξι
2210 2839 2631 2925 cognoscitur
2675 2838 2819 2923 neq'
2862 2835 3092 2921 legunt

2002 2935 2149 2980 ”¹⁸5⁸
2204 2989 2291 3058 de
2332 2991 2546 3077 spinis
2590 2991 2752 3058 fiens
2795 2990 2941 3075 neq’
2982 2989 3068 3055 de

2205 3143 2367 3210 rubo
2410 3142 2825 3211 uindemiant
2867 3153 2997 3210 uva

1998 3292 2122 3422 ιθ4652
2208 3294 2429 3361 Bonus
2474 3305 2584 3362 eni
2630 3295 2826 3362 homo
2871 3293 2956 3361 de

1998 3431 2170 3525 „22⁵1ae
2205 3449 2377 3515 bono
2423 3446 2778 3516 thensauro
2823 3467 2936 3514 cor

2203 3598 2309 3667 dis
2352 3599 2454 3667 sui
2500 3599 2752 3685 profert
2793 3599 2969 3665 bonu

2200 3758 2269 3819 et
2312 3751 2527 3820 ma¹us
2566 3751 2762 3819 homo
2806 3748 2893 3818 de
2936 3750 3111 3818 malo

2197 3904 2553 3973 thensauro
2597 3904 2866 3989 profert.
2914 3925 3026 3972 ma

2195 4057 2266 4125 la
2308 4076 2394 4125 ex
2437 4055 2895 4124 habundantia
2941 4057 2990 4123 Η
3038 4077 3153 4124 cor

2365 4209 2473 4275 dis
2519 4228 2594 4276 os
2637 4207 2944 4294 loquitur.
