3634 5717
819 664 940 729 108

849 1343 935 1407 52

815 2055 932 2154 '53

852 3017 939 3081 54

849 3613 935 3678 55

1020 870 1216 935 serufl
1264 869 1585 954 principis
1629 890 1707 935 sa

1020 1004 1354 1095 eerdotum
1400 1043 1599 1107 ampv

1024 1176 1190 1241 tauit
1236 1158 1527 1242 anrieulfz
1558 1175 1709 1241 eivs

1022 1329 1209 1394 Tune
1253 1329 1346 1396 ait
1389 1329 1486 1394 illi
1533 1329 1636 1394 ihs
1680 1350 1801 1396 eon

1023 1487 1204 1547 uerte
1247 1481 1542 1574 gladinm
1589 1484 1703 1547 tvfi

1023 1634 1089 1697 ln
1135 1633 1284 1698 loefi
1322 1654 1514 1713 ,suum
1560 1656 1788 1701 omnes

1023 1796 1132 1850 eni
1181 1785 1291 1871 qui
1334 1788 1712 1872 aeceperint

1023 1937 1319 2021 gladium
1364 1940 1589 2023 gladio
1636 1943 1777 2026 peri

1019 2089 1178 2157 bunt
1223 2112 1308 2156 an
1353 2099 1544 2176 putas
1591 2094 1746 2177 qvia

1025 2262 1155 2307 non
1202 2264 1465 2328 possum
1511 2267 1675 2331 roga

1017 2416 1088 2461 re
1132 2403 1385 2480 patrem
1431 2401 1581 2463 med
1627 2407 1694 2465 et

1023 2549 1357 2616 exhibebit
1402 2551 1563 2616 mihi
1608 2573 1713 2618 mo

1020 2700 1105 2766 do
1152 2703 1297 2786 plus
1343 2706 1469 2786 qva
1513 2704 1727 2772 duode

1021 2856 1148 2919 eim
1195 2855 1381 2923 milia
1425 2857 1708 2941 legionis

1024 2974 1407 3091 angelorum
1454 3031 1689 3093 quomo

1023 3159 1108 3225 do
1154 3180 1312 3244 ergo
1358 3162 1672 3246 inplebun

1023 3318 1126 3376 tur
1168 3313 1532 3397 scripturae

1025 3466 1180 3549 quia
1222 3466 1320 3533 sie
1363 3474 1621 3551 oportet
1664 3471 1705 3532 fi

1023 3618 1118 3683 eri
1162 3619 1239 3683 In
1286 3619 1404 3686 illa
1447 3620 1611 3686 hora
1653 3621 1825 3687 dixit

906 3797 913 3803 ·
1024 3770 1127 3835 ihs
1172 3772 1378 3838 turbis
1423 3781 1684 3857 tequam
1730 3774 1817 3840 ad

1024 3927 1277 3990 latrone
1327 3926 1564 4021 existis*
1600 3929 1679 3992 eil

1024 4076 1269 4162 gladiis
1302 4085 1381 4144 ·et
1426 4079 1639 4145 fustib'
1685 4100 1805 4146 eon

1025 4231 1451 4315 praehendere
1497 4253 1598 4298 me
1643 4253 1718 4297 eo

970 4474 979 4483 ἱ
1023 4382 1186 4451 tidie
1232 4385 1408 4493 apud
1454 4406 1570 4452 uos
1617 4387 1777 4452 sede

1024 4537 1175 4604 bam
1222 4537 1466 4604 doeens
1512 4539 1576 4603 in
1626 4546 1689 4605 te

1431 4692 1542 4776 plo

1929 666 2246 734 Mtc26

2162 1025 2246 1090 56

2165 1790 2246 1853 57

2159 2556 2244 2620 58

2164 3626 2247 3690 59

2335 877 2402 936 et
2441 890 2569 935 non
2619 890 2721 936 me
2765 869 3071 934 tenuistis

2336 1023 2462 1089 hoe
2507 1028 2656 1088 aute
2703 1027 2908 1088 totum
2954 1021 3061 1087 fae

2340 1177 2410 1242 t1'1
2457 1182 2558 1243 est
2599 1184 2672 1242 nt
2714 1175 3079 1259 inpleantur

2332 1329 2673 1414 scripturae
2716 1329 2968 1413 prophe

2335 1482 2485 1547 tarfi
2532 1489 2686 1546 tune
2730 1480 3036 1565 discipvli

2334 1654 2559 1700 omnes
2604 1634 2833 1700 relieto
2879 1654 2958 1700 eo

2336 1786 2670 1871 fugierunt
2713 1788 2800 1852 At
2841 1786 2940 1851 illi
2985 1794 3052 1851 te

2332 1946 2564 2006 nentes
2610 1940 2743 2003 ihsn
2791 1938 3114 2005 duxerunt

2331 2092 2416 2157 ad
2455 2092 2695 2176 caipha
2737 2091 2950 2176 prinei

2336 2255 2418 2329 pe
2467 2243 2815 2310 sacerdotii
2861 2244 2972 2310 ubi
3015 2264 3087 2310 se

2336 2397 2494 2462 ribae
2541 2403 2606 2463 et
2650 2397 2944 2464 seniores
2987 2418 3106 2463 eon

2338 2557 2660 2616 uenerunt
2699 2516 2929 2617 Petrus
2969 2570 3051 2616 av

2332 2710 2464 2769 tem
2509 2704 2833 2786 seq’batur
2877 2711 2955 2769 ei*
3000 2724 3042 2769 a
3084 2704 3194 2769 lon

2332 2878 2417 2941 ge
2455 2859 2592 2941 usq'
2637 2857 2703 2922 in
2750 2856 2922 2924 atriti
2969 2856 3113 2940 prin

2336 3009 2503 3094 eipis
2543 3009 2955 3076 sacerdotnm

2336 3169 2402 3229 et
2445 3163 2782 3246 ingressus
2825 3163 2997 3228 intro

2335 3315 2610 3381 sedebat
2655 3316 2734 3381 ed
2774 3315 2969 3381 minis

2335 3467 2452 3533 tris
2500 3474 2569 3534 ut
2612 3466 2867 3534 uideret
2909 3468 3041 3533 fine

2338 3622 2649 3705 Princeps
2696 3627 2845 3687 aute
2891 3640 3081 3686 saeer

2335 3775 2494 3841 dotfi
2541 3781 2610 3841 et
2652 3773 2882 3840 uniuer

2337 3930 2413 3993 ssl
2462 3927 2812 3993 concilium
2858 3946 2982 4009 que

2339 4080 2567 4145 rebant
2612 4034 2784 4167 falsfl
2831 4086 2930 4145 tes

2336 4231 2608 4298 timonix't
2657 4231 2971 4299 aduersus

2336 4385 2470 4450 ihr‘n
2516 4390 2587 4450 ut
2630 4404 2776 4450 eum
2822 4385 3011 4449 morti

2337 4537 2673 4604 traderent
2717 4544 2784 4603 et
2823 4557 2953 4603 non
