3634 5717
754 708 877 774 194

785 1214 870 1278 32

794 2129 879 2194 33

790 2890 875 2956 35

756 2977 855 3020 le2

758 3030 877 3071 mt3

786 3964 872 4027 36

957 907 1163 992 cipies
1209 908 1277 973 in
1322 916 1507 976 utero
1552 915 1618 974 et
1661 911 1808 995 pari
1845 904 1851 910 ¹

956 1079 1030 1127 es
1072 1060 1276 1126 filium
1320 1067 1388 1127 et
1429 1062 1695 1128 necabis
1736 1084 1824 1130 no

956 1231 1105 1276 men
1152 1212 1291 1279 eius
1338 1213 1471 1279 ihm
1517 1213 1626 1280 hie
1670 1215 1795 1281 erit

958 1383 1236 1447 magnus
1282 1371 1349 1431 et
1393 1366 1566 1432 filins
1612 1368 1765 1434 altis

957 1515 1108 1580 simi
1153 1517 1511 1584 necabitur.
1557 1519 1643 1584 Et
1685 1520 1774 1587 da

957 1666 1054 1732 bit
1098 1668 1197 1733 illi
1240 1669 1365 1735 dns
1410 1668 1489 1735 ds
1531 1671 1755 1739 sedem

959 1818 1162 1886 dauid
1208 1823 1415 1905 patris
1458 1823 1598 1890 eins
1638 1828 1708 1892 ‘et
1751 1848 1871 1913 reg

957 1971 1143 2038 nabit
1184 1973 1252 2039 in
1297 1973 1493 2042 domo
1538 1976 1728 2044 iacob

965 2124 1032 2189 in
1076 2131 1413 2193 aeternum
1458 2136 1525 2196 et
1567 2132 1755 2216 regni

960 2278 1100 2344 eius
1143 2299 1275 2345 non
1322 2280 1446 2346 erit
1491 2281 1656 2350 finis.
1703 2285 1835 2352 Dix

963 2432 1013 2495 it
1056 2437 1275 2497 antem
1320 2434 1532 2500 maria
1576 2437 1662 2503 ad
1707 2460 1791 2504 an

963 2584 1183 2667 gelum
1230 2588 1553 2668 quomodo
1599 2590 1642 2654 fi

963 2744 1028 2802 et
1072 2736 1249 2802 istud
1294 2752 1420 2822 qne
1470 2741 1679 2807 uirum

962 2909 1092 2955 non
1137 2891 1436 2974 cognoni.
1487 2893 1571 2957 Et
1609 2912 1713 2958 res

964 3042 1261 3125 pendens
1307 3044 1582 3127 angelus
1630 3045 1744 3110 dix

962 3193 1013 3258 it
1058 3193 1155 3258 illi
1200 3200 1314 3279 sps
1359 3203 1463 3261 ses
1508 3201 1788 3282 superne

960 3347 1098 3413 niet
1136 3347 1212 3412 in
1257 3354 1322 3413 te
1367 3356 1433 3415 et
1475 3350 1681 3417 uirtus
1728 3352 1791 3417 al

959 3501 1197 3567 tissimi
1243 3501 1640 3569 inumbrabit
1678 3504 1730 3569 ti

960 3654 1025 3720 bi
1072 3652 1349 3739 ideoque
1395 3661 1462 3721 et
1506 3653 1679 3738 qnod
1722 3640 1842 3720 nius

959 3807 1126 3872 eitur
1167 3819 1302 3873 seffi
1347 3806 1686 3873 uocabitur

957 3961 1128 4026 filius
1172 3959 1239 4025 di
1287 3965 1352 4025 et
1396 3979 1548 4025 eece
1592 3958 1761 4025 eliza

958 4113 1115 4180 beth
1160 4117 1446 4195 cognata
1488 4118 1602 4177 tna
1647 4117 1713 4176 et

960 4267 1110 4350 ipsa
1154 4264 1453 4349 concepit
1497 4263 1700 4330 filium

1878 706 2146 773 LeCl

2096 1520 2180 1584 38

2099 2282 2183 2347 39

2100 3345 2180 3409 41

2096 4068 2180 4133 42

2268 905 2337 971 in
2368 903 2706 988 senectam
2734 922 2856 970 sna
2882 904 2967 969 Et
2993 903 3104 969 hie
3140 923 3291 970 men

2268 1059 2447 1141 ses[!]
2486 1062 2710 1124 sextus
2757 1064 2859 1123 est
2901 1057 3003 1123 illi
3045 1077 3214 1142 qnae

2267 1209 2843 1313 noeatnr'sterelis
2887 1211 3045 1294 qnia

2267 1383 2399 1428 non
2443 1369 2546 1430 est
2587 1361 2976 1447 inpossibile
3018 1360 3196 1446 apud

2268 1514 2378 1579 dsn
2424 1535 2615 1582 omne
2656 1516 2944 1583 uerbum.
2988 1514 3120 1580 Dix

2266 1666 2321 1732 it
2366 1674 2585 1735 antem
2628 1668 2841 1735 maria
2879 1687 3032 1734 eece
3076 1688 3161 1733 an

2269 1819 2427 1886 oilla
2470 1819 2588 1886 dni
2632 1821 2976 1906 contingat
3020 1820 3109 1887 mi
3149 1834 3156 1843 ·

2271 1971 2340 2037 hi
2383 1973 2740 2040 seeundum
2783 1974 3052 2040 uerbum

2271 2132 2452 2191 tnnm
2492 2132 2558 2192 et
2603 2118 3037 2193 discessit'ab
3081 2125 3126 2191 il

2271 2277 2340 2345 la
2383 2279 2679 2361 angelus.
2724 2298 3087 2364 exsurgens

2272 2437 2490 2497 autem
2535 2431 2749 2498 maria
2792 2432 2859 2497 in
2904 2431 3074 2498 dieb'
3117 2430 3164 2494 ii

2270 2583 2353 2648 lis
2399 2583 2564 2649 abiit
2609 2584 2675 2649 in
2722 2591 3037 2652 montana
3078 2585 3160 2649 en

2271 2735 2696 2803 festinatione
2739 2736 2807 2803 in
2853 2737 3055 2803 einita

2272 2893 2402 2952 tem
2448 2887 2702 2957 indeae.
2744 2890 2829 2955 Et
2869 2888 3048 2956 intra

2271 3040 2368 3105 nit
2411 3040 2481 3106 in
2524 3041 2784 3108 domum
2830 3040 3151 3109 zachariae

2271 3198 2337 3259 et
2381 3193 2696 3261 salutauit
2739 3194 3081 3261 elisabeth.

2271 3351 2338 3410 et
2377 3346 2620 3413 factum
2665 3353 2768 3414 est
2808 3352 2882 3413 nt
2926 3346 3078 3413 andi

2267 3498 2364 3563 uit
2406 3499 2870 3566 salutationem
2916 3519 3025 3565 ma

2267 3650 2408 3718 riae
2446 3650 2768 3719 elisabeth
2814 3652 3040 3719 exulta

2267 3803 2366 3870 uit
2407 3791 2625 3871 infans
2671 3804 2737 3870 in
2782 3811 2968 3877 utere
3006 3803 3168 3871 eins.

2268 3963 2336 4023 et
2379 3958 2636 4042 repleta
2679 3963 2782 4024 est
2822 3960 2948 4043 spfi
2992 3968 3104 4023 see

2269 4109 2547 4177 elisabet
2589 4117 2657 4177 et
2700 4113 3000 4178 exclama

2268 4263 2366 4328 nit
2412 4277 2570 4329 noee
2619 4283 2864 4348 magna
2905 4270 2970 4330 et
3014 4262 3133 4327 dix
