<?xml version="1.0" encoding="UTF-8"?>
<!DOCTYPE html PUBLIC "-//W3C//DTD XHTML 1.0 Transitional//EN"
    "http://www.w3.org/TR/xhtml1/DTD/xhtml1-transitional.dtd">
<html xmlns="http://www.w3.org/1999/xhtml" xml:lang="en" lang="en">
 <head>
  <title>
</title>
<meta http-equiv="Content-Type" content="text/html;charset=utf-8" />
  <meta name='ocr-system' content='tesseract 3.04.00' />
  <meta name='ocr-capabilities' content='ocr_page ocr_carea ocr_par ocr_line ocrx_word'/>
</head>
<body>
  <div class='ocr_page' id='page_1' title='image "./codexaureussive00belsgoog_0147.png"; bbox 0 0 3634 5717; ppageno 0'>
   <div class='ocr_carea' id='block_1_1' title="bbox 366 666 615 731">
    <p class='ocr_par' dir='ltr' id='par_1_1' title="bbox 366 666 615 731">
     <span class='ocr_line' id='line_1_1' title="bbox 366 666 615 731; baseline 0 0"><span class='ocrx_word' id='word_1_1' title='bbox 366 666 487 731; x_wconf 80' lang='lat' dir='ltr'><strong>Fol</strong></span> <span class='ocrx_word' id='word_1_2' title='bbox 531 668 615 731; x_wconf 77' lang='lat'><strong>43</strong></span> 
     </span>
    </p>
   </div>
   <div class='ocr_carea' id='block_1_2' title="bbox 407 867 1383 1996">
    <p class='ocr_par' dir='ltr' id='par_1_2' title="bbox 572 867 1383 1104">
     <span class='ocr_line' id='line_1_2' title="bbox 572 867 1383 937; baseline 0.005 -4"><span class='ocrx_word' id='word_1_3' title='bbox 572 867 722 933; x_wconf 90' lang='lat' dir='ltr'>uolo</span> <span class='ocrx_word' id='word_1_4' title='bbox 766 867 984 937; x_wconf 86' lang='lat' dir='ltr'><strong>facere</strong></span> <span class='ocrx_word' id='word_1_5' title='bbox 1029 889 1111 935; x_wconf 87' lang='lat' dir='ltr'><strong>an</strong></span> <span class='ocrx_word' id='word_1_6' title='bbox 1156 872 1383 937; x_wconf 87' lang='lat' dir='ltr'><strong>oculus</strong></span> 
     </span>
     <span class='ocr_line' id='line_1_3' title="bbox 572 1012 1323 1104; baseline 0.005 -21"><span class='ocrx_word' id='word_1_7' title='bbox 572 1025 719 1084; x_wconf 85' lang='lat' dir='ltr'><strong>tuus</strong></span> <span class='ocrx_word' id='word_1_8' title='bbox 766 1012 979 1102; x_wconf 74' lang='lat' dir='ltr'><strong>n&#39;equa</strong></span> <span class='ocrx_word' id='word_1_9' title='bbox 1023 1027 1123 1086; x_wconf 87' lang='lat' dir='ltr'><strong>est</strong></span> <span class='ocrx_word' id='word_1_10' title='bbox 1168 1021 1323 1104; x_wconf 84' lang='lat' dir='ltr'><strong>quia</strong></span> 
     </span>
    </p>

    <p class='ocr_par' dir='ltr' id='par_1_3' title="bbox 407 1172 1343 1996">
     <span class='ocr_line' id='line_1_4' title="bbox 407 1172 1278 1255; baseline 0.003 -20"><span class='ocrx_word' id='word_1_11' title='bbox 407 1178 485 1243; x_wconf 87' lang='lat'><strong>16</strong></span> <span class='ocrx_word' id='word_1_12' title='bbox 574 1190 699 1255; x_wconf 85' lang='lat' dir='ltr'><strong>ego</strong></span> <span class='ocrx_word' id='word_1_13' title='bbox 742 1172 948 1237; x_wconf 86' lang='lat' dir='ltr'><strong>bonus</strong></span> <span class='ocrx_word' id='word_1_14' title='bbox 993 1190 1135 1238; x_wconf 89' lang='lat' dir='ltr'><strong>sum</strong></span> <span class='ocrx_word' id='word_1_15' title='bbox 1181 1173 1278 1239; x_wconf 83' lang='lat' dir='ltr'><strong>sic</strong></span> 
     </span>
     <span class='ocr_line' id='line_1_5' title="bbox 575 1322 1150 1390; baseline 0.002 -2"><span class='ocrx_word' id='word_1_16' title='bbox 575 1329 764 1388; x_wconf 86' lang='lat' dir='ltr'><strong>erunt</strong></span> <span class='ocrx_word' id='word_1_17' title='bbox 807 1322 1150 1390; x_wconf 86' lang='lat' dir='ltr'><strong>nouissimi</strong></span> 
     </span>
     <span class='ocr_line' id='line_1_6' title="bbox 574 1474 1343 1560; baseline 0.004 -21"><span class='ocrx_word' id='word_1_18' title='bbox 574 1474 769 1560; x_wconf 87' lang='lat' dir='ltr'><strong>primi</strong></span> <span class='ocrx_word' id='word_1_19' title='bbox 807 1481 872 1541; x_wconf 90' lang='lat' dir='ltr'><strong>et</strong></span> <span class='ocrx_word' id='word_1_20' title='bbox 916 1476 1115 1559; x_wconf 87' lang='lat' dir='ltr'><strong>primi</strong></span> <span class='ocrx_word' id='word_1_21' title='bbox 1156 1476 1343 1543; x_wconf 81' lang='lat' dir='ltr'><strong>nouis</strong></span> 
     </span>
     <span class='ocr_line' id='line_1_7' title="bbox 575 1624 1288 1696; baseline 0.003 -6"><span class='ocrx_word' id='word_1_22' title='bbox 575 1624 726 1692; x_wconf 86' lang='lat' dir='ltr'><strong>simi</strong></span> <span class='ocrx_word' id='word_1_23' title='bbox 770 1626 957 1695; x_wconf 82' lang='lat' dir='ltr'><strong>multi</strong></span> <span class='ocrx_word' id='word_1_24' title='bbox 1004 1628 1178 1696; x_wconf 87' lang='lat' dir='ltr'><strong>enim</strong></span> <span class='ocrx_word' id='word_1_25' title='bbox 1225 1633 1288 1692; x_wconf 77' lang='lat' dir='ltr'><strong>st</strong></span> 
     </span>
     <span class='ocr_line' id='line_1_8' title="bbox 577 1739 1227 1865; baseline 0.002 -22"><span class='ocrx_word' id='word_1_26' title='bbox 577 1780 794 1845; x_wconf 83' lang='lat' dir='ltr'><strong>uocati</strong></span> <span class='ocrx_word' id='word_1_27' title='bbox 839 1778 1029 1865; x_wconf 80' lang='lat' dir='ltr'><strong>pauci</strong></span> <span class='ocrx_word' id='word_1_28' title='bbox 1071 1739 1227 1845; x_wconf 37' lang='lat' dir='ltr'><strong>uenio</strong></span> 
     </span>
     <span class='ocr_line' id='line_1_9' title="bbox 580 1929 773 1996; baseline -0.01 0"><span class='ocrx_word' id='word_1_29' title='bbox 580 1929 773 1996; x_wconf 87' lang='lat' dir='ltr'><strong>electi</strong></span> 
     </span>
    </p>
   </div>
   <div class='ocr_carea' id='block_1_3' title="bbox 378 2072 1305 2200">
    <p class='ocr_par' dir='ltr' id='par_1_4' title="bbox 378 2072 1305 2200">
     <span class='ocr_line' id='line_1_10' title="bbox 378 2072 1305 2200; baseline 0.005 -57"><span class='ocrx_word' id='word_1_30' title='bbox 378 2072 520 2200; x_wconf 48' lang='lat'><strong>839</strong></span> <span class='ocrx_word' id='word_1_31' title='bbox 580 2085 665 2146; x_wconf 89' lang='lat' dir='ltr'><strong>Et</strong></span> <span class='ocrx_word' id='word_1_32' title='bbox 708 2079 1009 2147; x_wconf 83' lang='lat' dir='ltr'><strong>ascendit</strong></span> <span class='ocrx_word' id='word_1_33' title='bbox 1053 2081 1156 2147; x_wconf 80' lang='lat' dir='ltr'><strong>ih&#39;s</strong></span> <span class='ocrx_word' id='word_1_34' title='bbox 1196 2081 1305 2148; x_wconf 87' lang='lat' dir='ltr'><strong>hie</strong></span> 
     </span>
    </p>
   </div>
   <div class='ocr_carea' id='block_1_4' title="bbox 378 2209 1237 2317">
    <p class='ocr_par' dir='ltr' id='par_1_5' title="bbox 378 2209 1237 2317">
     <span class='ocr_line' id='line_1_11' title="bbox 378 2209 1237 2317; baseline -0.005 -16"><span class='ocrx_word' id='word_1_35' title='bbox 378 2209 548 2301; x_wconf 63' lang='lat'><strong>¹¹¹‘2²⁰²</strong></span> <span class='ocrx_word' id='word_1_36' title='bbox 582 2232 919 2316; x_wconf 82' lang='lat' dir='ltr'><strong>rusolyma</strong></span> <span class='ocrx_word' id='word_1_37' title='bbox 961 2232 1237 2317; x_wconf 89' lang='lat' dir='ltr'><strong>adsump</strong></span> 
     </span>
    </p>
   </div>
   <div class='ocr_carea' id='block_1_5' title="bbox 378 2311 551 2354">
    <p class='ocr_par' dir='ltr' id='par_1_6' title="bbox 378 2311 551 2354">
     <span class='ocr_line' id='line_1_12' title="bbox 378 2311 551 2354; baseline 0.006 -1"><span class='ocrx_word' id='word_1_38' title='bbox 378 2323 450 2354; x_wconf 83' lang='lat' dir='ltr'><strong>nu·</strong></span> <span class='ocrx_word' id='word_1_39' title='bbox 473 2311 551 2354; x_wconf 87' lang='lat'><strong>112</strong></span> 
     </span>
    </p>
   </div>
   <div class='ocr_carea' id='block_1_6' title="bbox 379 2362 1372 2469">
    <p class='ocr_par' dir='ltr' id='par_1_7' title="bbox 379 2362 1372 2469">
     <span class='ocr_line' id='line_1_13' title="bbox 379 2362 1372 2469; baseline 0.003 -21"><span class='ocrx_word' id='word_1_40' title='bbox 379 2362 423 2405; x_wconf 74' lang='lat'><strong>¹⁰</strong></span> <span class='ocrx_word' id='word_1_41' title='bbox 454 2362 532 2405; x_wconf 67' lang='lat'><strong>²¹²²</strong></span> <span class='ocrx_word' id='word_1_42' title='bbox 584 2383 673 2449; x_wconf 73' lang='lat' dir='ltr'><strong>sit</strong></span> <span class='ocrx_word' id='word_1_43' title='bbox 717 2398 846 2451; x_wconf 72' lang='grc' dir='ltr'><strong>ΧΠ.</strong></span> <span class='ocrx_word' id='word_1_44' title='bbox 890 2382 1250 2469; x_wconf 85' lang='lat' dir='ltr'><strong>discipulos</strong></span> <span class='ocrx_word' id='word_1_45' title='bbox 1295 2405 1372 2451; x_wconf 85' lang='lat' dir='ltr'><strong>su</strong></span> 
     </span>
    </p>
   </div>
   <div class='ocr_carea' id='block_1_7' title="bbox 414 2536 1394 4439">
    <p class='ocr_par' dir='ltr' id='par_1_8' title="bbox 584 2536 1295 2603">
     <span class='ocr_line' id='line_1_14' title="bbox 584 2536 1295 2603; baseline 0.003 -3"><span class='ocrx_word' id='word_1_46' title='bbox 584 2555 658 2600; x_wconf 90' lang='lat' dir='ltr'><strong>os</strong></span> <span class='ocrx_word' id='word_1_47' title='bbox 702 2540 954 2602; x_wconf 87' lang='lat' dir='ltr'><strong>secreto</strong></span> <span class='ocrx_word' id='word_1_48' title='bbox 999 2541 1067 2603; x_wconf 83' lang='lat' dir='ltr'><strong>et</strong></span> <span class='ocrx_word' id='word_1_49' title='bbox 1108 2536 1204 2603; x_wconf 82' lang='lat' dir='ltr'><strong>ait</strong></span> <span class='ocrx_word' id='word_1_50' title='bbox 1249 2537 1295 2602; x_wconf 90' lang='lat' dir='ltr'><strong>il</strong></span> 
     </span>
    </p>

    <p class='ocr_par' dir='ltr' id='par_1_9' title="bbox 414 2686 1394 3516">
     <span class='ocr_line' id='line_1_15' title="bbox 414 2686 1321 2755; baseline 0.007 -6"><span class='ocrx_word' id='word_1_51' title='bbox 414 2686 493 2750; x_wconf 90' lang='lat'><strong>18</strong></span> <span class='ocrx_word' id='word_1_52' title='bbox 580 2687 664 2753; x_wconf 88' lang='lat' dir='ltr'><strong>lis</strong></span> <span class='ocrx_word' id='word_1_53' title='bbox 709 2708 861 2755; x_wconf 89' lang='lat' dir='ltr'><strong>ecce</strong></span> <span class='ocrx_word' id='word_1_54' title='bbox 907 2687 1321 2755; x_wconf 83' lang='lat' dir='ltr'><strong>ascendimvs</strong></span> 
     </span>
     <span class='ocr_line' id='line_1_16' title="bbox 585 2837 1226 2925; baseline 0.006 -22"><span class='ocrx_word' id='word_1_55' title='bbox 585 2837 1032 2925; x_wconf 86' lang='lat' dir='ltr'><strong>hierusolyma</strong></span> <span class='ocrx_word' id='word_1_56' title='bbox 1074 2847 1142 2906; x_wconf 82' lang='lat' dir='ltr'><strong>et</strong></span> <span class='ocrx_word' id='word_1_57' title='bbox 1183 2840 1226 2907; x_wconf 88' lang='lat' dir='ltr'><strong>fi</strong></span> 
     </span>
     <span class='ocr_line' id='line_1_17' title="bbox 585 2991 1269 3060; baseline 0.007 -5"><span class='ocrx_word' id='word_1_58' title='bbox 585 2991 711 3058; x_wconf 87' lang='lat' dir='ltr'><strong>lius</strong></span> <span class='ocrx_word' id='word_1_59' title='bbox 756 2991 1041 3058; x_wconf 87' lang='lat' dir='ltr'><strong>hominis</strong></span> <span class='ocrx_word' id='word_1_60' title='bbox 1082 2992 1269 3060; x_wconf 82' lang='lat' dir='ltr'><strong>trade</strong></span> 
     </span>
     <span class='ocr_line' id='line_1_18' title="bbox 588 3142 1394 3229; baseline -0.001 -19"><span class='ocrx_word' id='word_1_61' title='bbox 588 3149 691 3210; x_wconf 87' lang='lat' dir='ltr'><strong>tur</strong></span> <span class='ocrx_word' id='word_1_62' title='bbox 733 3143 1079 3229; x_wconf 87' lang='lat' dir='ltr'><strong>principib&#39;</strong></span> <span class='ocrx_word' id='word_1_63' title='bbox 1121 3142 1394 3212; x_wconf 79' lang='lat' dir='ltr'><strong>sacerdo</strong></span> 
     </span>
     <span class='ocr_line' id='line_1_19' title="bbox 587 3295 1381 3365; baseline 0.004 -4"><span class='ocrx_word' id='word_1_64' title='bbox 587 3300 722 3362; x_wconf 80' lang='lat' dir='ltr'><strong>tum</strong></span> <span class='ocrx_word' id='word_1_65' title='bbox 769 3304 835 3363; x_wconf 88' lang='lat' dir='ltr'><strong>et</strong></span> <span class='ocrx_word' id='word_1_66' title='bbox 877 3295 1108 3362; x_wconf 87' lang='lat' dir='ltr'><strong>scribis</strong></span> <span class='ocrx_word' id='word_1_67' title='bbox 1154 3303 1220 3362; x_wconf 85' lang='lat' dir='ltr'><strong>et</strong></span> <span class='ocrx_word' id='word_1_68' title='bbox 1262 3317 1381 3365; x_wconf 87' lang='lat' dir='ltr'><strong>con</strong></span> 
     </span>
     <span class='ocr_line' id='line_1_20' title="bbox 589 3445 1182 3516; baseline 0 -4"><span class='ocrx_word' id='word_1_69' title='bbox 589 3445 993 3516; x_wconf 82' lang='lat' dir='ltr'><strong>demnabunt</strong></span> <span class='ocrx_word' id='word_1_70' title='bbox 1036 3468 1182 3515; x_wconf 87' lang='lat' dir='ltr'><strong>eum</strong></span> 
     </span>
    </p>

    <p class='ocr_par' dir='ltr' id='par_1_10' title="bbox 426 3598 1371 4271">
     <span class='ocr_line' id='line_1_21' title="bbox 426 3598 1215 3677; baseline 0 -13"><span class='ocrx_word' id='word_1_71' title='bbox 426 3612 500 3677; x_wconf 84' lang='lat'><strong>19</strong></span> <span class='ocrx_word' id='word_1_72' title='bbox 590 3598 798 3667; x_wconf 72' lang='lat' dir='ltr'><strong>morte</strong></span> <span class='ocrx_word' id='word_1_73' title='bbox 842 3606 908 3665; x_wconf 89' lang='lat' dir='ltr'><strong>et</strong></span> <span class='ocrx_word' id='word_1_74' title='bbox 951 3599 1215 3666; x_wconf 85' lang='lat' dir='ltr'><strong>tradent</strong></span> 
     </span>
     <span class='ocr_line' id='line_1_22' title="bbox 591 3751 1288 3837; baseline -0.001 -20"><span class='ocrx_word' id='word_1_75' title='bbox 591 3770 736 3817; x_wconf 87' lang='lat' dir='ltr'><strong>eum</strong></span> <span class='ocrx_word' id='word_1_76' title='bbox 784 3751 1029 3837; x_wconf 84' lang='lat' dir='ltr'><strong>gentib&#39;</strong></span> <span class='ocrx_word' id='word_1_77' title='bbox 1072 3752 1160 3818; x_wconf 93' lang='lat' dir='ltr'><strong>ad</strong></span> <span class='ocrx_word' id='word_1_78' title='bbox 1205 3751 1288 3816; x_wconf 90' lang='lat' dir='ltr'><strong>de</strong></span> 
     </span>
     <span class='ocr_line' id='line_1_23' title="bbox 589 3901 1235 3989; baseline -0.002 -22"><span class='ocrx_word' id='word_1_79' title='bbox 589 3901 881 3968; x_wconf 77' lang='lat' dir='ltr'><strong>ludendfi</strong></span> <span class='ocrx_word' id='word_1_80' title='bbox 927 3908 994 3968; x_wconf 87' lang='lat' dir='ltr'><strong>et</strong></span> <span class='ocrx_word' id='word_1_81' title='bbox 1038 3901 1235 3989; x_wconf 86' lang='lat' dir='ltr'><strong>flagel</strong></span> 
     </span>
     <span class='ocr_line' id='line_1_24' title="bbox 592 4051 1302 4137; baseline 0.003 -22"><span class='ocrx_word' id='word_1_82' title='bbox 592 4051 795 4119; x_wconf 75' lang='lat' dir='ltr'><strong>landfi</strong></span> <span class='ocrx_word' id='word_1_83' title='bbox 842 4059 908 4119; x_wconf 90' lang='lat' dir='ltr'><strong>et</strong></span> <span class='ocrx_word' id='word_1_84' title='bbox 952 4052 1302 4137; x_wconf 83' lang='lat' dir='ltr'><strong>crucifigen</strong></span> 
     </span>
     <span class='ocr_line' id='line_1_25' title="bbox 595 4204 1371 4271; baseline 0 -1"><span class='ocrx_word' id='word_1_85' title='bbox 595 4204 748 4270; x_wconf 89' lang='lat' dir='ltr'><strong>dum</strong></span> <span class='ocrx_word' id='word_1_86' title='bbox 794 4211 860 4270; x_wconf 87' lang='lat' dir='ltr'><strong>et</strong></span> <span class='ocrx_word' id='word_1_87' title='bbox 904 4205 1103 4271; x_wconf 82' lang='lat' dir='ltr'><strong>tertia</strong></span> <span class='ocrx_word' id='word_1_88' title='bbox 1146 4205 1255 4270; x_wconf 89' lang='lat' dir='ltr'><strong>die</strong></span> <span class='ocrx_word' id='word_1_89' title='bbox 1301 4225 1371 4271; x_wconf 86' lang='lat' dir='ltr'><strong>re</strong></span> 
     </span>
    </p>

    <p class='ocr_par' dir='ltr' id='par_1_11' title="bbox 418 4356 1282 4439">
     <span class='ocr_line' id='line_1_26' title="bbox 418 4356 1282 4439; baseline -0.002 -16"><span class='ocrx_word' id='word_1_90' title='bbox 418 4357 505 4423; x_wconf 79' lang='lat'><strong>20</strong></span> <span class='ocrx_word' id='word_1_91' title='bbox 594 4361 819 4439; x_wconf 80' lang='lat' dir='ltr'><strong>surget</strong></span> <span class='ocrx_word' id='word_1_92' title='bbox 863 4356 1049 4422; x_wconf 84' lang='lat' dir='ltr'><strong>Tunc</strong></span> <span class='ocrx_word' id='word_1_93' title='bbox 1094 4376 1282 4423; x_wconf 80' lang='lat' dir='ltr'><strong>acces</strong></span> 
     </span>
    </p>
   </div>
   <div class='ocr_carea' id='block_1_8' title="bbox 392 4444 564 4539">
    <p class='ocr_par' dir='ltr' id='par_1_12' title="bbox 392 4444 564 4539">
     <span class='ocr_line' id='line_1_27' title="bbox 392 4444 564 4539; baseline -0.006 -51"><span class='ocrx_word' id='word_1_94' title='bbox 392 4448 459 4488; x_wconf 84' lang='lat' dir='ltr'><strong>mt</strong></span> <span class='ocrx_word' id='word_1_95' title='bbox 468 4444 564 4539; x_wconf 64' lang='lat'><strong>&#39;6213</strong></span> 
     </span>
    </p>
   </div>
   <div class='ocr_carea' id='block_1_9' title="bbox 280 4504 1345 4591">
    <p class='ocr_par' dir='ltr' id='par_1_13' title="bbox 280 4504 1345 4591">
     <span class='ocr_line' id='line_1_28' title="bbox 280 4504 1345 4591; baseline -0.007 -12"><span class='ocrx_word' id='word_1_96' title='bbox 280 4548 289 4555; x_wconf 90' lang='lat'><strong>·</strong></span> <span class='ocrx_word' id='word_1_97' title='bbox 393 4559 464 4590; x_wconf 53' lang='lat' dir='ltr'><strong>mr</strong></span> <span class='ocrx_word' id='word_1_98' title='bbox 490 4548 565 4591; x_wconf 75' lang='lat'><strong>113</strong></span> <span class='ocrx_word' id='word_1_99' title='bbox 598 4506 686 4571; x_wconf 86' lang='lat' dir='ltr'><strong>sit</strong></span> <span class='ocrx_word' id='word_1_100' title='bbox 728 4504 815 4574; x_wconf 88' lang='lat' dir='ltr'><strong>ad</strong></span> <span class='ocrx_word' id='word_1_101' title='bbox 858 4527 1004 4573; x_wconf 87' lang='lat' dir='ltr'><strong>eum</strong></span> <span class='ocrx_word' id='word_1_102' title='bbox 1050 4513 1260 4574; x_wconf 85' lang='lat' dir='ltr'><strong>mater</strong></span> <span class='ocrx_word' id='word_1_103' title='bbox 1302 4508 1345 4573; x_wconf 88' lang='lat' dir='ltr'><strong>fi</strong></span> 
     </span>
    </p>
   </div>
   <div class='ocr_carea' id='block_1_10' title="bbox 805 4657 1032 4723">
    <p class='ocr_par' dir='ltr' id='par_1_14' title="bbox 805 4657 1032 4723">
     <span class='ocr_line' id='line_1_29' title="bbox 805 4657 1032 4723; baseline 0 -2"><span class='ocrx_word' id='word_1_104' title='bbox 805 4657 1032 4723; x_wconf 74' lang='lat' dir='ltr'><strong>lior-um</strong></span> 
     </span>
    </p>
   </div>
   <div class='ocr_carea' id='block_1_11' title="bbox 499 4827 865 4872">
    <p class='ocr_par' dir='ltr' id='par_1_15' title="bbox 499 4827 865 4872">
     <span class='ocr_line' id='line_1_30' title="bbox 499 4827 865 4872; baseline -0.005 -1"><span class='ocrx_word' id='word_1_105' title='bbox 499 4827 653 4872; x_wconf 79' lang='lat' dir='ltr'><strong>Codex</strong></span> <span class='ocrx_word' id='word_1_106' title='bbox 682 4842 865 4871; x_wconf 73' lang='lat' dir='ltr'><strong>aureus,</strong></span> 
     </span>
    </p>
   </div>
   <div class='ocr_carea' id='block_1_12' title="bbox 1480 669 2906 739">
    <p class='ocr_par' dir='ltr' id='par_1_16' title="bbox 1480 669 2906 739">
     <span class='ocr_line' id='line_1_31' title="bbox 1480 669 2906 739; baseline 0.004 -6"><span class='ocrx_word' id='word_1_107' title='bbox 1480 670 1575 733; x_wconf 83' lang='lat' dir='ltr'><strong>Mt</strong></span> <span class='ocrx_word' id='word_1_108' title='bbox 1618 669 1668 737; x_wconf 81' lang='lat' dir='ltr'>O</span> <span class='ocrx_word' id='word_1_109' title='bbox 1710 670 1797 734; x_wconf 83' lang='lat'><strong>20</strong></span> <span class='ocrx_word' id='word_1_110' title='bbox 2327 716 2331 721; x_wconf 90' lang='lat'>-</span> <span class='ocrx_word' id='word_1_111' title='bbox 2830 676 2906 739; x_wconf 79' lang='lat'><strong>81</strong></span> 
     </span>
    </p>
   </div>
   <div class='ocr_carea' id='block_1_13' title="bbox 1721 870 2873 3819">
    <p class='ocr_par' dir='ltr' id='par_1_17' title="bbox 1721 870 2873 3819">
     <span class='ocr_line' id='line_1_32' title="bbox 1897 870 2729 949; baseline 0.004 -14"><span class='ocrx_word' id='word_1_112' title='bbox 1897 870 2167 939; x_wconf 80' lang='lat' dir='ltr'><strong>zebedei</strong></span> <span class='ocrx_word' id='word_1_113' title='bbox 2205 890 2349 949; x_wconf 80' lang='lat' dir='ltr'><strong>cum</strong></span> <span class='ocrx_word' id='word_1_114' title='bbox 2395 870 2549 938; x_wconf 76' lang='lat' dir='ltr'><strong>filiis</strong></span> <span class='ocrx_word' id='word_1_115' title='bbox 2593 873 2729 938; x_wconf 87' lang='lat' dir='ltr'><strong>suis</strong></span> 
     </span>
     <span class='ocr_line' id='line_1_33' title="bbox 1899 1024 2661 1106; baseline 0 -17"><span class='ocrx_word' id='word_1_116' title='bbox 1899 1024 2185 1089; x_wconf 84' lang='lat' dir='ltr'><strong>adorans</strong></span> <span class='ocrx_word' id='word_1_117' title='bbox 2231 1029 2298 1089; x_wconf 85' lang='lat' dir='ltr'><strong>et</strong></span> <span class='ocrx_word' id='word_1_118' title='bbox 2341 1029 2572 1106; x_wconf 85' lang='lat' dir='ltr'><strong>petens</strong></span> <span class='ocrx_word' id='word_1_119' title='bbox 2618 1043 2661 1089; x_wconf 88' lang='lat' dir='ltr'><strong>a</strong></span> 
     </span>
     <span class='ocr_line' id='line_1_34' title="bbox 1721 1173 2732 1258; baseline -0.003 -16"><span class='ocrx_word' id='word_1_120' title='bbox 1721 1177 1800 1242; x_wconf 84' lang='lat'><strong>21</strong></span> <span class='ocrx_word' id='word_1_121' title='bbox 1892 1174 2102 1258; x_wconf 89' lang='lat' dir='ltr'><strong>liquid</strong></span> <span class='ocrx_word' id='word_1_122' title='bbox 2143 1174 2228 1240; x_wconf 90' lang='lat' dir='ltr'><strong>ab</strong></span> <span class='ocrx_word' id='word_1_123' title='bbox 2274 1192 2352 1240; x_wconf 87' lang='lat' dir='ltr'><strong>eo</strong></span> <span class='ocrx_word' id='word_1_124' title='bbox 2399 1173 2626 1258; x_wconf 82' lang='lat' dir='ltr'><strong>dixitq&#39;</strong></span> <span class='ocrx_word' id='word_1_125' title='bbox 2671 1175 2732 1242; x_wconf 89' lang='lat' dir='ltr'><strong>ei</strong></span> 
     </span>
     <span class='ocr_line' id='line_1_35' title="bbox 1796 1324 2873 1407; baseline 0.005 -18"><span class='ocrx_word' id='word_1_126' title='bbox 1796 1386 1807 1395; x_wconf 82' lang='grc'><strong>,</strong></span> <span class='ocrx_word' id='word_1_127' title='bbox 1899 1324 2055 1407; x_wconf 89' lang='lat' dir='ltr'><strong>quid</strong></span> <span class='ocrx_word' id='word_1_128' title='bbox 2099 1324 2202 1391; x_wconf 87' lang='lat' dir='ltr'><strong>uis</strong></span> <span class='ocrx_word' id='word_1_129' title='bbox 2249 1325 2345 1390; x_wconf 85' lang='lat' dir='ltr'><strong>ait</strong></span> <span class='ocrx_word' id='word_1_130' title='bbox 2390 1324 2489 1392; x_wconf 90' lang='lat' dir='ltr'><strong>illi</strong></span> <span class='ocrx_word' id='word_1_131' title='bbox 2535 1326 2643 1393; x_wconf 90' lang='lat' dir='ltr'><strong>dic</strong></span> <span class='ocrx_word' id='word_1_132' title='bbox 2686 1334 2756 1403; x_wconf 82' lang='lat' dir='ltr'><strong>ut</strong></span> <span class='ocrx_word' id='word_1_133' title='bbox 2800 1348 2873 1394; x_wconf 89' lang='lat' dir='ltr'><strong>se</strong></span> 
     </span>
     <span class='ocr_line' id='line_1_36' title="bbox 1899 1476 2748 1544; baseline -0.001 -1"><span class='ocrx_word' id='word_1_134' title='bbox 1899 1476 2100 1544; x_wconf 87' lang='lat' dir='ltr'><strong>deant</strong></span> <span class='ocrx_word' id='word_1_135' title='bbox 2143 1476 2238 1542; x_wconf 88' lang='lat' dir='ltr'><strong>hii</strong></span> <span class='ocrx_word' id='word_1_136' title='bbox 2284 1476 2413 1542; x_wconf 89' lang='lat' dir='ltr'><strong>duo</strong></span> <span class='ocrx_word' id='word_1_137' title='bbox 2461 1476 2579 1542; x_wconf 91' lang='lat' dir='ltr'><strong>filii</strong></span> <span class='ocrx_word' id='word_1_138' title='bbox 2622 1478 2748 1544; x_wconf 86' lang='lat' dir='ltr'><strong>mei</strong></span> 
     </span>
     <span class='ocr_line' id='line_1_37' title="bbox 1899 1626 2670 1697; baseline 0.001 -1"><span class='ocrx_word' id='word_1_139' title='bbox 1899 1647 2064 1697; x_wconf 84' lang='lat' dir='ltr'><strong>unus</strong></span> <span class='ocrx_word' id='word_1_140' title='bbox 2111 1627 2196 1695; x_wconf 87' lang='lat' dir='ltr'><strong>ad</strong></span> <span class='ocrx_word' id='word_1_141' title='bbox 2242 1626 2514 1697; x_wconf 75' lang='lat' dir='ltr'><strong>dextera</strong></span> <span class='ocrx_word' id='word_1_142' title='bbox 2558 1636 2670 1697; x_wconf 76' lang='lat' dir='ltr'><strong>tua</strong></span> 
     </span>
     <span class='ocr_line' id='line_1_38' title="bbox 1902 1779 2738 1848; baseline 0 -1"><span class='ocrx_word' id='word_1_143' title='bbox 1902 1788 1968 1847; x_wconf 84' lang='lat' dir='ltr'><strong>et</strong></span> <span class='ocrx_word' id='word_1_144' title='bbox 2015 1780 2185 1848; x_wconf 82' lang='lat' dir='ltr'><strong>alius</strong></span> <span class='ocrx_word' id='word_1_145' title='bbox 2230 1781 2316 1847; x_wconf 91' lang='lat' dir='ltr'><strong>ad</strong></span> <span class='ocrx_word' id='word_1_146' title='bbox 2361 1779 2629 1847; x_wconf 76' lang='lat' dir='ltr'><strong>sinistra</strong></span> <span class='ocrx_word' id='word_1_147' title='bbox 2673 1781 2738 1847; x_wconf 86' lang='lat' dir='ltr'><strong>iu</strong></span> 
     </span>
     <span class='ocr_line' id='line_1_39' title="bbox 1730 1890 2714 2018; baseline 0 -19"><span class='ocrx_word' id='word_1_148' title='bbox 1730 1924 1813 1987; x_wconf 77' lang='lat'><strong>22</strong></span> <span class='ocrx_word' id='word_1_149' title='bbox 1900 1953 2107 2018; x_wconf 80' lang='lat' dir='ltr'><strong>regno</strong></span> <span class='ocrx_word' id='word_1_150' title='bbox 2151 1940 2262 1999; x_wconf 87' lang='lat' dir='ltr'><strong>tuo</strong></span> <span class='ocrx_word' id='word_1_151' title='bbox 2308 1890 2714 2018; x_wconf 57' lang='lat' dir='ltr'><strong>tesbondens</strong></span> 
     </span>
     <span class='ocr_line' id='line_1_40' title="bbox 1904 2083 2772 2152; baseline 0.002 -2"><span class='ocrx_word' id='word_1_152' title='bbox 1904 2092 2054 2150; x_wconf 78' lang='lat' dir='ltr'><strong>aute</strong></span> <span class='ocrx_word' id='word_1_153' title='bbox 2101 2084 2204 2150; x_wconf 78' lang='lat' dir='ltr'><strong>ihs</strong></span> <span class='ocrx_word' id='word_1_154' title='bbox 2249 2083 2420 2150; x_wconf 83' lang='lat' dir='ltr'>dixit</span> <span class='ocrx_word' id='word_1_155' title='bbox 2461 2106 2544 2152; x_wconf 88' lang='lat' dir='ltr'><strong>ne</strong></span> <span class='ocrx_word' id='word_1_156' title='bbox 2589 2085 2772 2152; x_wconf 86' lang='lat' dir='ltr'><strong>scitis</strong></span> 
     </span>
     <span class='ocr_line' id='line_1_41' title="bbox 1907 2236 2675 2321; baseline 0 -19"><span class='ocrx_word' id='word_1_157' title='bbox 1907 2236 2063 2320; x_wconf 87' lang='lat' dir='ltr'><strong>quid</strong></span> <span class='ocrx_word' id='word_1_158' title='bbox 2109 2236 2353 2320; x_wconf 81' lang='lat' dir='ltr'><strong>petatis</strong></span> <span class='ocrx_word' id='word_1_159' title='bbox 2398 2237 2675 2321; x_wconf 84' lang='lat' dir='ltr'><strong>potestis</strong></span> 
     </span>
     <span class='ocr_line' id='line_1_42' title="bbox 1909 2386 2795 2473; baseline 0.002 -20"><span class='ocrx_word' id='word_1_160' title='bbox 1909 2387 2134 2454; x_wconf 88' lang='lat' dir='ltr'><strong>bibere</strong></span> <span class='ocrx_word' id='word_1_161' title='bbox 2178 2386 2452 2453; x_wconf 80' lang='lat' dir='ltr'><strong>calicem</strong></span> <span class='ocrx_word' id='word_1_162' title='bbox 2498 2398 2622 2473; x_wconf 79' lang='lat' dir='ltr'><strong>que</strong></span> <span class='ocrx_word' id='word_1_163' title='bbox 2669 2403 2795 2473; x_wconf 85' lang='lat' dir='ltr'><strong>ego</strong></span> 
     </span>
     <span class='ocr_line' id='line_1_43' title="bbox 1909 2537 2724 2607; baseline 0.001 -3"><span class='ocrx_word' id='word_1_164' title='bbox 1909 2537 2227 2604; x_wconf 81' lang='lat' dir='ltr'><strong>bibiturus</strong></span> <span class='ocrx_word' id='word_1_165' title='bbox 2271 2547 2350 2602; x_wconf 68' lang='lat' dir='ltr'><strong>ssi</strong></span> <span class='ocrx_word' id='word_1_166' title='bbox 2395 2537 2620 2605; x_wconf 85' lang='lat' dir='ltr'><strong>dicunt</strong></span> <span class='ocrx_word' id='word_1_167' title='bbox 2663 2541 2724 2607; x_wconf 87' lang='lat' dir='ltr'><strong>ei</strong></span> 
     </span>
     <span class='ocr_line' id='line_1_44' title="bbox 1731 2687 2736 2776; baseline 0.006 -26"><span class='ocrx_word' id='word_1_168' title='bbox 1731 2687 1815 2751; x_wconf 83' lang='lat'><strong>23</strong></span> <span class='ocrx_word' id='word_1_169' title='bbox 1905 2710 2249 2776; x_wconf 82' lang='lat' dir='ltr'><strong>possumus</strong></span> <span class='ocrx_word' id='word_1_170' title='bbox 2295 2689 2392 2757; x_wconf 86' lang='lat' dir='ltr'><strong>ait</strong></span> <span class='ocrx_word' id='word_1_171' title='bbox 2432 2689 2564 2757; x_wconf 86' lang='lat' dir='ltr'><strong>illis</strong></span> <span class='ocrx_word' id='word_1_172' title='bbox 2609 2692 2736 2759; x_wconf 87' lang='lat' dir='ltr'><strong>cali</strong></span> 
     </span>
     <span class='ocr_line' id='line_1_45' title="bbox 1909 2841 2768 2926; baseline 0.001 -17"><span class='ocrx_word' id='word_1_173' title='bbox 1909 2854 1982 2909; x_wconf 78' lang='lat' dir='ltr'><strong>ce</strong></span> <span class='ocrx_word' id='word_1_174' title='bbox 2030 2841 2225 2926; x_wconf 82' lang='lat' dir='ltr'><strong>quide</strong></span> <span class='ocrx_word' id='word_1_175' title='bbox 2270 2862 2484 2908; x_wconf 87' lang='lat' dir='ltr'><strong>meum</strong></span> <span class='ocrx_word' id='word_1_176' title='bbox 2530 2842 2768 2911; x_wconf 86' lang='lat' dir='ltr'><strong>bibetis</strong></span> 
     </span>
     <span class='ocr_line' id='line_1_46' title="bbox 1910 2993 2714 3062; baseline 0.002 -2"><span class='ocrx_word' id='word_1_177' title='bbox 1910 2995 2141 3062; x_wconf 87' lang='lat' dir='ltr'><strong>sedere</strong></span> <span class='ocrx_word' id='word_1_178' title='bbox 2188 3000 2340 3062; x_wconf 80' lang='lat' dir='ltr'><strong>aute</strong></span> <span class='ocrx_word' id='word_1_179' title='bbox 2386 2993 2471 3059; x_wconf 87' lang='lat' dir='ltr'><strong>ad</strong></span> <span class='ocrx_word' id='word_1_180' title='bbox 2518 2995 2714 3062; x_wconf 82' lang='lat' dir='ltr'><strong>dexte</strong></span> 
     </span>
     <span class='ocr_line' id='line_1_47' title="bbox 1909 3145 2727 3215; baseline -0.001 -4"><span class='ocrx_word' id='word_1_181' title='bbox 1909 3158 1985 3211; x_wconf 72' lang='lat' dir='ltr'><strong>ra</strong></span> <span class='ocrx_word' id='word_1_182' title='bbox 2026 3166 2244 3213; x_wconf 89' lang='lat' dir='ltr'><strong>meam</strong></span> <span class='ocrx_word' id='word_1_183' title='bbox 2283 3146 2388 3213; x_wconf 86' lang='lat' dir='ltr'><strong>uel</strong></span> <span class='ocrx_word' id='word_1_184' title='bbox 2430 3145 2517 3215; x_wconf 87' lang='lat' dir='ltr'><strong>ad</strong></span> <span class='ocrx_word' id='word_1_185' title='bbox 2562 3146 2727 3213; x_wconf 78' lang='lat' dir='ltr'><strong>sinis</strong></span> 
     </span>
     <span class='ocr_line' id='line_1_48' title="bbox 1911 3302 2662 3367; baseline 0.007 -5"><span class='ocrx_word' id='word_1_186' title='bbox 1911 3304 2078 3363; x_wconf 87' lang='lat' dir='ltr'><strong>tram</strong></span> <span class='ocrx_word' id='word_1_187' title='bbox 2124 3316 2255 3362; x_wconf 80' lang='lat' dir='ltr'><strong>non</strong></span> <span class='ocrx_word' id='word_1_188' title='bbox 2303 3302 2405 3362; x_wconf 86' lang='lat' dir='ltr'><strong>est</strong></span> <span class='ocrx_word' id='word_1_189' title='bbox 2448 3317 2662 3367; x_wconf 85' lang='lat' dir='ltr'><strong>meum</strong></span> 
     </span>
     <span class='ocr_line' id='line_1_49' title="bbox 1914 3448 2688 3533; baseline -0.001 -18"><span class='ocrx_word' id='word_1_190' title='bbox 1914 3450 2073 3515; x_wconf 89' lang='lat' dir='ltr'><strong>dare</strong></span> <span class='ocrx_word' id='word_1_191' title='bbox 2115 3448 2303 3515; x_wconf 88' lang='lat' dir='ltr'><strong>uobis</strong></span> <span class='ocrx_word' id='word_1_192' title='bbox 2348 3448 2464 3514; x_wconf 90' lang='lat' dir='ltr'><strong>sed</strong></span> <span class='ocrx_word' id='word_1_193' title='bbox 2518 3449 2688 3533; x_wconf 87' lang='lat' dir='ltr'><strong>quib&#39;</strong></span> 
     </span>
     <span class='ocr_line' id='line_1_50' title="bbox 1913 3605 2674 3686; baseline -0.001 -19"><span class='ocrx_word' id='word_1_194' title='bbox 1913 3606 2215 3686; x_wconf 87' lang='lat' dir='ltr'><strong>paratum</strong></span> <span class='ocrx_word' id='word_1_195' title='bbox 2257 3605 2361 3666; x_wconf 87' lang='lat' dir='ltr'><strong>est</strong></span> <span class='ocrx_word' id='word_1_196' title='bbox 2402 3620 2445 3665; x_wconf 94' lang='lat' dir='ltr'><strong>a</strong></span> <span class='ocrx_word' id='word_1_197' title='bbox 2488 3607 2674 3684; x_wconf 81' lang='lat' dir='ltr'><strong>patre</strong></span> 
     </span>
     <span class='ocr_line' id='line_1_51' title="bbox 1737 3734 2656 3819; baseline -0.003 0"><span class='ocrx_word' id='word_1_198' title='bbox 1737 3754 1820 3819; x_wconf 81' lang='lat'><strong>24</strong></span> <span class='ocrx_word' id='word_1_199' title='bbox 1906 3772 2052 3817; x_wconf 90' lang='lat' dir='ltr'><strong>meo</strong></span> <span class='ocrx_word' id='word_1_200' title='bbox 2099 3734 2461 3817; x_wconf 78' lang='lat' dir='ltr'><strong>Audientes</strong></span> <span class='ocrx_word' id='word_1_201' title='bbox 2505 3756 2656 3817; x_wconf 79' lang='lat' dir='ltr'><strong>aute</strong></span> 
     </span>
    </p>
   </div>
   <div class='ocr_carea' id='block_1_14' title="bbox 1709 3841 2648 3986">
    <p class='ocr_par' dir='ltr' id='par_1_18' title="bbox 1709 3841 2648 3986">
     <span class='ocr_line' id='line_1_52' title="bbox 1710 3841 1880 3883; baseline -0.012 0"><span class='ocrx_word' id='word_1_202' title='bbox 1710 3846 1777 3883; x_wconf 78' lang='lat' dir='ltr'><strong>mt</strong></span> <span class='ocrx_word' id='word_1_203' title='bbox 1803 3841 1880 3883; x_wconf 65' lang='lat'><strong>214</strong></span> 
     </span>
     <span class='ocr_line' id='line_1_53' title="bbox 1709 3892 2648 3986; baseline -0.009 -10"><span class='ocrx_word' id='word_1_204' title='bbox 1709 3892 1880 3986; x_wconf 45' lang='grc' dir='ltr'><strong>,βω</strong></span> <span class='ocrx_word' id='word_1_205' title='bbox 1915 3903 2074 3971; x_wconf 64' lang='lat' dir='ltr'><strong>dece</strong></span> <span class='ocrx_word' id='word_1_206' title='bbox 2120 3901 2452 3985; x_wconf 82' lang='lat' dir='ltr'><strong>indignati</strong></span> <span class='ocrx_word' id='word_1_207' title='bbox 2497 3909 2648 3968; x_wconf 79' lang='lat' dir='ltr'><strong>sunt</strong></span> 
     </span>
    </p>
   </div>
   <div class='ocr_carea' id='block_1_15' title="bbox 1710 3992 2855 4741">
    <p class='ocr_par' dir='ltr' id='par_1_19' title="bbox 1710 3992 2855 4741">
     <span class='ocr_line' id='line_1_54' title="bbox 1710 3992 2671 4126; baseline -0.008 0"><span class='ocrx_word' id='word_1_208' title='bbox 1710 3992 1859 4126; x_wconf 55' lang='lat' dir='ltr'><strong>¹02ng</strong></span> <span class='ocrx_word' id='word_1_209' title='bbox 1915 4055 2000 4121; x_wconf 92' lang='lat' dir='ltr'><strong>de</strong></span> <span class='ocrx_word' id='word_1_210' title='bbox 2044 4054 2233 4120; x_wconf 86' lang='lat' dir='ltr'><strong>duob&#39;</strong></span> <span class='ocrx_word' id='word_1_211' title='bbox 2278 4054 2524 4119; x_wconf 78' lang='lat' dir='ltr'><strong>fratrib&#39;</strong></span> <span class='ocrx_word' id='word_1_212' title='bbox 2568 4053 2671 4119; x_wconf 79' lang='lat' dir='ltr'><strong>ihs</strong></span> 
     </span>
     <span class='ocr_line' id='line_1_55' title="bbox 1917 4205 2657 4273; baseline 0 0"><span class='ocrx_word' id='word_1_213' title='bbox 1917 4213 2068 4273; x_wconf 70' lang='lat' dir='ltr'><strong>aute</strong></span> <span class='ocrx_word' id='word_1_214' title='bbox 2112 4205 2375 4272; x_wconf 86' lang='lat' dir='ltr'><strong>uocauit</strong></span> <span class='ocrx_word' id='word_1_215' title='bbox 2415 4225 2528 4271; x_wconf 87' lang='lat' dir='ltr'><strong>eos</strong></span> <span class='ocrx_word' id='word_1_216' title='bbox 2572 4206 2657 4273; x_wconf 89' lang='lat' dir='ltr'><strong>ad</strong></span> 
     </span>
     <span class='ocr_line' id='line_1_56' title="bbox 1921 4342 2855 4442; baseline -0.002 -19"><span class='ocrx_word' id='word_1_217' title='bbox 1921 4379 1992 4425; x_wconf 84' lang='lat' dir='ltr'><strong>se</strong></span> <span class='ocrx_word' id='word_1_218' title='bbox 2037 4368 2104 4426; x_wconf 90' lang='lat' dir='ltr'><strong>et</strong></span> <span class='ocrx_word' id='word_1_219' title='bbox 2147 4358 2243 4423; x_wconf 86' lang='lat' dir='ltr'><strong>ait</strong></span> <span class='ocrx_word' id='word_1_220' title='bbox 2285 4342 2468 4423; x_wconf 80' lang='lat' dir='ltr'><strong>scitis</strong></span> <span class='ocrx_word' id='word_1_221' title='bbox 2514 4357 2669 4441; x_wconf 89' lang='lat' dir='ltr'><strong>quia</strong></span> <span class='ocrx_word' id='word_1_222' title='bbox 2710 4357 2855 4442; x_wconf 85' lang='lat' dir='ltr'><strong>prin</strong></span> 
     </span>
     <span class='ocr_line' id='line_1_57' title="bbox 1922 4480 2599 4594; baseline -0.004 -18"><span class='ocrx_word' id='word_1_223' title='bbox 1922 4480 2104 4594; x_wconf 81' lang='lat' dir='ltr'><strong>cipes</strong></span> <span class='ocrx_word' id='word_1_224' title='bbox 2144 4509 2374 4594; x_wconf 74' lang='lat' dir='ltr'><strong>geutifl</strong></span> <span class='ocrx_word' id='word_1_225' title='bbox 2421 4508 2599 4575; x_wconf 86' lang='lat' dir='ltr'><strong>domi</strong></span> 
     </span>
     <span class='ocr_line' id='line_1_58' title="bbox 1925 4659 2689 4741; baseline -0.001 -17"><span class='ocrx_word' id='word_1_226' title='bbox 1925 4671 2159 4727; x_wconf 76' lang='lat' dir='ltr'><strong>uantur</strong></span> <span class='ocrx_word' id='word_1_227' title='bbox 2207 4663 2268 4725; x_wconf 89' lang='lat' dir='ltr'><strong>in</strong></span> <span class='ocrx_word' id='word_1_228' title='bbox 2317 4682 2428 4725; x_wconf 80' lang='lat' dir='ltr'><strong>cos</strong></span> <span class='ocrx_word' id='word_1_229' title='bbox 2475 4668 2539 4724; x_wconf 83' lang='lat' dir='ltr'><strong>et</strong></span> <span class='ocrx_word' id='word_1_230' title='bbox 2581 4659 2689 4741; x_wconf 81' lang='lat' dir='ltr'><strong>qui</strong></span> 
     </span>
    </p>
   </div>
   <div class='ocr_carea' id='block_1_16' title="bbox 2512 4815 2545 4864">
    <p class='ocr_par' dir='ltr' id='par_1_20' title="bbox 2512 4815 2545 4864">
     <span class='ocr_line' id='line_1_59' title="bbox 2512 4815 2545 4864; baseline 0 0"><span class='ocrx_word' id='word_1_231' title='bbox 2512 4815 2545 4864; x_wconf 79' lang='lat'>6</span> 
     </span>
    </p>
   </div>
  </div>
 </body>
</html>
