3634 5717
732 634 861 702 362
1842 640 1961 709 1011
2006 640 2058 707 G
2106 643 2187 710 16

2060 849 2211 944 101450
2271 844 2480 910 Amen
2519 861 2713 909 amen
2760 840 2911 907 dico

2064 955 2134 996 mt
2158 951 2233 996 21⁰7

943 846 1009 905 et
1053 859 1182 906 non
1230 841 1541 910 uidebitis
1585 865 1690 912 me

945 998 1010 1058 et
1028 1088 1032 1092 .
1050 992 1220 1059 iterfi
1268 995 1532 1062 modicfl
1578 1004 1645 1063 et

769 1146 857 1211 20
939 1143 1251 1213 uidebitis
1297 1169 1401 1215 me
1444 1149 1653 1216 Amen

768 2360 845 2425 21

762 4507 845 4571 23

941 1320 1134 1366 amen
1180 1299 1328 1367 dico
1376 1301 1563 1369 uobis
1605 1303 1760 1387 quia

943 1453 1290 1537 plorabitis
1335 1463 1401 1523 et
1443 1456 1598 1523 flebi

942 1607 1029 1672 tis
1074 1626 1194 1672 uos
1237 1606 1518 1675 mundns
1558 1630 1644 1676 au

939 1765 1005 1824 te
1052 1757 1372 1843 gaudebit
1411 1779 1530 1828 1103
1578 1782 1660 1829 au

940 1917 1005 1976 te
1047 1910 1539 1980 contristabemi

943 2063 1012 2128 ni
1056 2064 1178 2130 sed
1220 2064 1493 2132 tristitia
1534 2029 1652 2133 iles

944 2224 1049 2283 tra
1089 2223 1382 2286 uei-tetur
1422 2220 1491 2285 in
1537 2241 1670 2306 gau

940 2369 1055 2436 die
1103 2370 1337 2439 mulier
1381 2372 1462 2437 cfi
1507 2373 1683 2457 parit

939 2521 1210 2589 tristitia
1251 2522 1454 2592 habet
1496 2489 1659 2609 quia'

942 2675 1124 2742 uenit
1165 2675 1330 2744 hora
1372 2677 1512 2745 eius
1558 2680 1637 2745 οῦ

942 2835 1096 2897 aute
1139 2829 1401 2914 peperit
1444 2838 1647 2915 puerit

941 2981 1008 3047 ii
1052 3001 1185 3048 non
1232 2982 1531 3049 meminit
1574 3004 1725 3069 pres

937 3153 1106 3200 surae
1152 3142 1420 3219 propter
1463 3156 1595 3220 gan

940 3286 1058 3352 difi
1103 3287 1258 3370 quia
1302 3294 1491 3354 natus
1537 3299 1638 3354 est

905 3437 1130 3542 ,homo
1175 3441 1242 3506 in
1290 3440 1535 3506 mundfi
1582 3450 1649 3509 et

934 3613 1051 3660 uos
1097 3593 1302 3679 igitur
1346 3615 1518 3662 nunc
1562 3595 1672 3680 qvi

934 3746 1017 3812 de
1063 3746 1399 3813 tristitiam
1444 3745 1535 3814 ha

933 3899 1103 3966 betis
1148 3899 1321 3966 iterii
1362 3899 1605 3968 uidebo

932 4071 1053 4118 uos
1099 4058 1166 4118 et
1210 4050 1530 4135 gaudebit
1571 4073 1684 4119 cor

933 4211 1156 4271 uestra
1202 4211 1269 4270 et
1312 4203 1563 4288 gaudifi

938 4363 1162 4423 uestrfi
1207 4376 1400 4423 nemo
1446 4357 1637 4424 tollet

933 4531 975 4576 a
1014 4509 1203 4578 uobis
1248 4517 1316 4578 et
1357 4510 1424 4576 in
1472 4510 1586 4577 illo
1632 4510 1740 4577 die

933 4683 1061 4730 non
1114 4663 1609 4747 interrogabitis

1235 4797 1515 4882 quicquit

2062 1004 2237 1048 mr225
2270 994 2460 1062 uobis
2504 993 2564 1061 si
2611 993 2769 1076 quid
2813 992 2952 1077 peti

2098 1454 2184 1518 24

2095 2221 2179 2288 25

2061 2308 2104 2350 io
2111 2307 2204 2402 1ἒξῆ

2270 1146 2454 1216 eritis
2500 1168 2542 1213 a
2585 1152 2775 1232 patre
2818 1144 2888 1209 in
2933 1165 3019 1211 uo

2271 1303 2449 1369 mine
2489 1320 2635 1368 meo
2679 1297 2867 1365 dabit

2267 1455 2456 1523 uobis
2500 1454 2637 1538 usq'
2684 1450 2878 1517 modo
2924 1456 2966 1515 ᾗ

2266 1608 2527 1695 petistis
2569 1606 2850 1691 quicqua

2266 1763 2334 1829 in
2374 1760 2639 1828 nomine
2684 1777 2830 1825 meo
2870 1774 2956 1840 pe

2266 1916 2385 1982 tite
2431 1921 2498 1981 et
2538 1909 2880 1995 accipietis

2270 2076 2340 2135 ut
2383 2065 2633 2153 gaudifi
2682 2062 2905 2131 uestrfl

2267 2221 2356 2288 sit
2398 2219 2655 2304 inpletfl
2700 2216 2859 2282 Haec
2899 2213 2967 2280 in

2267 2371 2633 2458 prouerbiis
2676 2370 2824 2435 locu

2265 2533 2369 2593 tus
2414 2526 2496 2592 sti
2544 2521 2729 2591 uobis
2774 2518 2956 2587 uenit
2988 2618 3001 2632 ἡ

2263 2680 2428 2747 hora
2472 2679 2555 2745 cfi
2599 2677 2732 2743 iam
2776 2692 2909 2740 non

2262 2832 2331 2897 in
2377 2828 2746 2917 prouerbiis
2786 2827 2852 2893 lo

2262 3003 2425 3067 quar
2468 2981 2657 3049 uobis
2698 2979 2817 3049 sed
2862 2999 2953 3063 pa

2087 3294 2174 3358 26

2022 4029 2170 4122 '27

2081 4672 2163 4736 28

2260 3136 2326 3201 li
2370 3136 2454 3202 de
2501 3141 2689 3221 patre
2735 3133 2955 3200 adnun

2258 3287 2439 3354 tiabo
2478 3288 2665 3355 uobis
2710 3287 2825 3353 illo
2870 3283 2979 3350 die

2258 3442 2326 3508 in
2375 3442 2641 3511 nomine
2686 3460 2832 3509 meo
2876 3458 2961 3523 pe

2259 3596 2398 3663 titis
2443 3602 2510 3662 et
2549 3615 2678 3661 non
2724 3592 2874 3658 dieo

2257 3748 2445 3815 uobis
2492 3748 2648 3831 quia
2690 3765 2816 3830 ego
2860 3763 2933 3808 ro

2258 3902 2433 3989 gabo
2480 3907 2670 3986 patre
2714 3899 2799 3964 de
2840 3918 2926 3964 uo

2258 4057 2361 4123 bis
2406 4055 2552 4141 ipse
2598 4063 2707 4121 eni
2751 4055 2941 4136 pater

2257 4216 2438 4277 amat
2476 4226 2596 4275 uos
2643 4206 2799 4291 quia
2835 4222 2954 4270 uos

2258 4382 2364 4428 me
2409 4361 2684 4429 amastis
2728 4365 2795 4425 et

2259 4516 2393 4600 et[!]
2440 4511 2816 4580 credidistis
2863 4508 3021 4594 qvia

2254 4687 2381 4751 ego
2426 4688 2469 4733 a
2513 4664 2597 4733 ᾱό
2643 4662 2821 4733 exiui
2861 4666 2929 4726 et

2660 4819 2838 4867 enm
