3634 5717
566 692 577 701 ·
655 655 778 719 136

857 856 956 921 illi
1001 855 1107 921 exi
1154 860 1268 938 spe
1311 855 1622 921 inmunde

729 1013 771 1075 9
859 1009 944 1074 ab
988 1007 1252 1073 homine
1297 1013 1364 1075 et
1408 1007 1578 1073 inter
1670 1006 1679 1013 “

854 1160 1134 1244 rogabat
1178 1169 1261 1225 e1’1
1306 1159 1409 1224 ibe
1455 1159 1626 1242 quod

857 1311 978 1377 tibi
1026 1332 1261 1377 nomen
1291 1272 1413 1378 ‘est
1457 1312 1565 1395 qui

828 1463 1263 1549 ‘respondens
1307 1462 1477 1528 dixit
1520 1464 1583 1530 16

863 1616 974 1701 gio
1021 1635 1257 1681 nomen
1305 1622 1406 1681 est
1448 1615 1609 1680 mihi

700 1770 778 1832 10
863 1767 1019 1851 quia
1064 1766 1249 1833 multi
1293 1786 1513 1833 sumus
1559 1776 1625 1834 et

859 1917 1356 2003 depraecabatur

862 2071 1068 2136 multfi
1115 2091 1198 2139 ne
1242 2091 1315 2138 se
1360 2072 1589 2157 expelr

865 2224 1031 2290 leret
1074 2230 1263 2290 extra
1303 2223 1488 2307 regio

702 2379 774 2444 11
864 2387 947 2441 ne
995 2381 1140 2442 erat
1183 2381 1334 2443 aute
1379 2376 1474 2442 ibi
1519 2397 1599 2460 gr
1731 2473 1734 2477 ,

863 2548 945 2593 ex
988 2536 1270 2611 poreon'i
1316 2549 1595 2613 magnus

700 2667 779 2731 12
865 2679 1042 2745 eirea
1086 2685 1397 2745 montem.
1442 2687 1509 2746 et

861 2831 1403 2915 depraecabantur

861 2987 976 3066 spe
1020 2981 1315 3049 dieentes
1361 2982 1482 3049 mit

857 3139 923 3199 te
968 3153 1087 3199 nos
1133 3132 1199 3197 in
1247 3154 1489 3233 porcos?

858 3291 928 3350 ut
973 3284 1039 3349 in
1082 3304 1196 3351 eos
1241 3285 1556 3352 intremus

683 3430 762 3495 13
853 3442 919 3503 et
966 3435 1265 3520 permisit
1308 3438 1404 3504 eis
1449 3445 1555 3506 sta

857 3595 906 3653 ti
951 3587 1055 3695 ilisa
1101 3594 1168 3653 et
1211 3596 1522 3656 exeuntes

852 3747 967 3826 spe
1013 3741 1310 3807 inmundi
1358 3742 1528 3808 intro

854 3893 1068 3961 ierunt
1115 3894 1179 3958 in
1227 3914 1463 3978 porcos
1510 3901 1577 3959 et

850 4068 1092 4131 magno
1137 4045 1363 4129 inpetu
1407 4066 1569 4129 grex

849 4197 1298 4284 praecipitatus
1342 4203 1444 4264 est
1483 4196 1548 4262 in

849 4369 1027 4416 mare
1073 4347 1159 4415 ad
1206 4348 1333 4413 duo
1381 4348 1565 4416 milia

846 4509 913 4569 et
956 4500 1258 4568 suffocati
1299 4506 1453 4566 sunt

1782 654 2061 718 Mrc5

2014 856 2088 921 14
2175 854 2240 920 in
2291 854 2454 922 mari
2499 855 2608 937 qui
2656 861 2873 921 autem
2919 876 3039 940 pas

2177 1008 2414 1074 cebant
2457 1026 2570 1072 eos
2616 1007 2834 1091 sugeit

2179 1167 2245 1225 et
2291 1158 2758 1226 nuntiauerant
2800 1158 2867 1223 in

2179 1310 2449 1415 eiuitpte
2494 1318 2560 1377 et
2607 1311 2673 1376 in
2721 1330 2917 1394 agros

2180 1471 2247 1531 et
2291 1484 2600 1548 egressae
2645 1468 2796 1529 sunt
2840 1470 2942 1528 tur

2184 1616 2309 1683 bae
2355 1616 2580 1682 uidere
2625 1615 2783 1700 quid
2830 1636 2901 1681 es
2949 1702 2954 1707 Ο

2001 1770 2096 1832 15
2183 1774 2286 1835 set
2323 1768 2486 1834 faeti
2533 1774 2600 1835 et
2640 1767 2909 1834 ueniunt

2184 1921 2269 2003 ad
2314 1920 2447 1985 ihm
2495 1927 2562 1987 et
2604 1919 2834 1997 uident
2876 1920 2993 1984 inv

2184 2071 2295 2155 qui
2340 2094 2382 2138 a
2419 2071 2743 2137 daemonio
2788 2093 2914 2138 uex

2184 2226 2418 2292 abatur
2462 2224 2733 2290 sedente
2777 2243 2893 2290 nes

2186 2376 2309 2443 titfi
2354 2383 2420 2443 et
2463 2396 2643 2443 sanae
2689 2396 2834 2441 men

2183 2528 2269 2593 tis
2314 2528 2424 2611 qui
2472 2528 2791 2595 habuerat
2832 2528 2895 2593 le

2185 2679 2449 2764 gionem
2497 2686 2564 2745 et
2606 2679 2884 2745 timueru

2025 2824 2102 2887 16
2189 2838 2260 2897 nt
2301 2832 2498 2898 ualde
2544 2838 2611 2897 et
2654 2851 2852 2897 narra

2185 2990 2421 3049 uerunt
2463 2983 2598 3049 illis
2644 2984 2753 3067 qui
2798 2982 2862 3048 ui

2185 3136 2420 3201 derunt
2463 3136 2745 3218 qualiter
2789 3137 2896 3201 fae

2155 3293 2317 3351 tum
2364 3293 2540 3353 esset
2586 3287 2681 3353 illi
2729 3287 2838 3371 qui
2914 3315 2920 3321 ·

2157 3432 2510 3505 'daemonifi
2553 3440 2872 3506 habuerat

2018 3585 2093 3649 17
2184 3598 2251 3657 et
2296 3592 2380 3658 de
2425 3592 2641 3676 porois
2686 3598 2753 3658 et
2796 3612 2959 3676 roga

2183 3764 2252 3809 re
2298 3764 2443 3810 eum
2493 3751 2848 3829 coeperunt

2185 3904 2253 3961 ut
2299 3896 2673 3964 diseederet
2717 3919 2758 3964 a
2806 3897 2920 3962 fini

2016 4048 2091 4110 18
2185 4049 2242 4114 b'
2287 4060 2444 4114 eon]
2492 4049 2715 4133 Cumq'
2760 4069 2954 4116 ascen

1969 4130 2116 4173 nir—18

1967 4184 2091 4276 103³
2181 4201 2368 4269 deret
2407 4213 2577 4269 naue
2624 4200 2844 4285 eoepit

2176 4353 2296 4425 inu
2341 4352 2683 4438 deprecari
2730 4351 2838 4435 qui

2178 4527 2219 4571 a
2262 4504 2588 4571 daemonio
2632 4510 2911 4570 uexatur

2343 4657 2557 4723 suerat

3040 4656 3202 4721 VIII
