3634 5717
336 658 455 724 Fol
502 662 582 724 64
1450 666 1569 743 ,ΜΓ
1607 666 1658 732 C
1708 669 1738 731 1
2758 663 2880 728 1225

368 862 450 927 25
540 860 683 930 scio
728 864 884 948 quia
920 866 1012 931 sis
1039 873 1162 933 scs
1206 867 1276 932 di
1321 875 1387 935 et
1425 880 1503 935 co
1864 873 1932 935 et
1977 865 2285 933 continuo
2331 864 2584 931 dimisit
2620 874 2701 931 ea

542 1014 829 1081 minatus
874 1015 938 1083 ei
984 1016 1088 1082 ihs
1134 1016 1363 1084 dicens
1408 1019 1492 1086 ob
1862 1017 2067 1085 febris
2111 1023 2180 1085 et
2221 1015 2639 1082 ministrabat

541 1172 828 1234 mutesce
870 1174 941 1269 ct
983 1168 1091 1237 exi
1138 1167 1221 1236 de
1263 1168 1442 1235 homi
1687 1175 1772 1241 32
1862 1170 1960 1238 eis
2005 1188 2281 1253 uespere
2325 1173 2476 1235 aute
2522 1167 2697 1234 facto

367 1319 451 1382 26
541 1338 624 1384 ne
669 1325 735 1384 et
778 1317 1160 1404 discerpens
1206 1342 1352 1388 eum
1396 1328 1513 1407 sps
1860 1323 1942 1387 cu
1986 1320 2336 1388 occidisset
2378 1318 2476 1386 sol
2523 1319 2610 1384 ad

1860 1471 2159 1539 ferebant
2196 1470 2283 1537 ad
2327 1471 2412 1537 eu
2456 1489 2685 1538 omnes

1861 1623 2034 1690 male
2079 1622 2397 1689 habentes
2440 1628 2508 1688 et
2549 1620 2653 1688 dae

543 1469 894 1537 inmundus
939 1478 1007 1538 et
1047 1473 1426 1541 exclamans

542 1640 701 1689 uoce
747 1642 996 1708 magna
1037 1623 1201 1692 exiit
1244 1625 1328 1692 ab
1377 1645 1454 1693 eo

370 1775 452 1841 27
544 1779 608 1839 et
652 1773 871 1840 mirati
914 1782 1065 1841 sunt
1109 1796 1334 1844 omnes
1688 1766 1773 1831 33
1862 1775 2085 1841 monia
2125 1773 2446 1841 habentes
2490 1779 2557 1840 et
2599 1794 2638 1840 e

542 1924 636 1990 ita
680 1931 750 1990 ut
793 1927 1253 2010 conquirerent
1295 1927 1363 1992 in

542 2081 641 2142 ter
683 2095 757 2143 se
801 2077 1097 2144 dicentes
1143 2077 1298 2162 quid

540 2237 627 2292 na
669 2234 770 2295 est
815 2229 939 2296 hoc
977 2249 1144 2313 quae
1184 2229 1390 2297 doctri

542 2399 630 2445 na
670 2378 838 2447 haec
880 2402 1055 2448 noua
1097 2381 1255 2466 quia
1297 2381 1363 2447 in
1410 2401 1496 2465 po

541 2536 778 2598 testate
826 2538 892 2598 et
933 2532 1211 2617 spiritib'
1251 2534 1319 2599 in

540 2681 801 2748 mundis
847 2681 1130 2769 imperat
1173 2689 1239 2751 et
1281 2704 1322 2750 o

1860 1927 1964 1993 rat
2008 1925 2219 1992 omnis
2262 1925 2498 1993 ciuitas
2544 1946 2666 1992 con

1859 2083 2141 2161 gregata
2183 2075 2270 2143 ad
2313 2076 2512 2144 ianua
2549 2083 2617 2143 et
2658 2097 2738 2144 cu

1858 2228 2033 2335 rauit
2076 2228 2313 2297 multas
2358 2228 2516 2312 quia
2558 2248 2685 2294 uex

1859 2380 2139 2447 abantur
2183 2379 2386 2447 uariis
2429 2380 2674 2463 languo

1858 2530 1976 2598 rib'
2020 2538 2087 2599 et
2135 2530 2464 2598 daemonia
2505 2530 2712 2597 multa

1858 2683 2141 2751 eiciebat
2180 2685 2267 2751 Et
2308 2703 2439 2750 non
2484 2681 2629 2750 sine

1654 2750 1804 2794 mr16

268 2913 279 2931 .
368 2839 452 2904 28
538 2833 854 2901 boediunt
896 2835 959 2902 ei
1003 2842 1071 2904 et
1112 2828 1342 2921 proces
1650 2852 1667 2896 1
1859 2836 1977 2904 bat
2019 2855 2102 2902 ea
2141 2835 2323 2920 loqui
2366 2834 2525 2918 quia
2558 2834 2696 2902 scie

1670 2865 1697 2896 0
1721 2803 1774 2897 ἔτ

539 2983 629 3049 sit
671 3004 890 3051 rumor
934 2986 1075 3054 eius
1119 2994 1278 3055 stati
1687 2988 1801 3118 357
1839 2987 2020 3054 'bant
2062 3007 2207 3055 eum
2254 2989 2339 3053 Et
2379 2986 2666 3054 diluculo

1628 3087 1725 3118 qm

539 3135 606 3201 in
655 3156 913 3202 omnem
969 3138 1240 3223 regione
1289 3138 1551 3224 g'alileae
1653 3177 1698 3220 ,ο
1720 3128 1788 3223 ἐς,
1859 3137 2056 3205 ualde
2098 3158 2375 3224 surgens
2419 3137 2585 3205 abiit
2622 3136 2691 3202 in

1747 3074 1773 3118 ...a

365 3296 449 3361 29
538 3287 860 3372 Egressus
905 3298 1055 3357 aute
1100 3291 1184 3358 de
1225 3310 1306 3376 sy
1860 3290 2123 3358 desertfi
2169 3291 2319 3358 locfi
2364 3290 2517 3374 ibiq’
2559 3309 2679 3355 ora

338 3380 410 3476 ΕΞ

411 3383 486 3526 Μῧω

541 3458 808 3524 nagoga
848 3442 1032 3507 uenit
1074 3441 1142 3507 in
1187 3441 1381 3509 dom?
1686 3449 1771 3514 36
1859 3440 1973 3507 bat
2016 3447 2081 3507 et
2124 3448 2382 3509 secutus
2427 3446 2528 3511 est
2570 3440 2652 3506 efi

334 3536 406 3627 τε

404 3536 479 3628 ³ae

539 3590 815 3658 simonis
857 3600 923 3659 et
967 3592 1255 3660 andreae
1858 3591 2071 3659 simon
2117 3599 2185 3658 et
2227 3591 2336 3676 qui
2381 3593 2463 3658 cu
2518 3590 2633 3657 illo
2683 3594 2871 3655 erant

542 3752 622 3808 eu
668 3743 898 3811 iacobo
950 3750 1018 3811 et
1060 3744 1347 3811 iohanne
1690 3754 1770 3819 37
1862 3751 1927 3810 et
1971 3744 2051 3808 cfi
2098 3741 2507 3810 inuenissent
2549 3750 2633 3808 eu

366 3888 454 3954 30
540 3891 927 3971 discfibebat
969 3901 1120 3962 aute
1163 3915 1386 3962 socrvs
1861 3854 2179 3962 dixerunt*
2215 3894 2278 3960 ei
2321 3893 2477 3977 quia
2519 3908 2745 3960 omnes

540 4043 814 4139 simonis
857 4045 1239 4114 febricitans
1322 4004 1331 4011 ’
1646 4041 1769 4110 ‘38
1858 4052 2135 4131 querunt
2175 4052 2242 4113 te
2286 4054 2352 4114 et
2391 4045 2488 4112 ait
2529 4044 2663 4111 illis

542 4200 606 4260 et
648 4201 806 4261 stati
850 4194 1075 4265 dicunt
1118 4198 1180 4265 ei
1225 4197 1311 4265 de
1354 4198 1422 4284 ip
1858 4218 2084 4265 eamus
2127 4198 2193 4265 in
2235 4199 2567 4283 proximos

363 4344 442 4409 31
533 4363 613 4411 sa
657 4351 724 4410 et
762 4347 1084 4414 accedens
1131 4349 1322 4416 elcua

539 4493 637 4560 uit
680 4507 760 4560 ea
803 4497 1221 4584 adprehensa
1259 4520 1369 4567 ma

708 4667 794 4723 nu
838 4649 978 4727 eius

1858 4350 2039 4416 uicos
2085 4357 2152 4416 et
2194 4351 2496 4418 ciuitates
2545 4356 2615 4415 ut

1858 4508 1925 4569 et
1968 4501 2061 4567 ibi
2104 4501 2370 4585 predice
2417 4501 2503 4567 ad
2546 4500 2671 4566 hoc
2715 4508 2824 4565 eni

2026 4654 2178 4729 ueni
