3634 5717
339 669 462 737 Fol
508 670 591 736 65
1465 672 1566 739 nr
1610 671 1661 738 G
1703 674 1746 739 2
2766 674 2886 742 127

1704 876 1781 940 13
1869 875 1954 940 Et
1995 837 2301 960 egressus
2349 884 2452 943 est
2488 896 2597 942 rur

1664 960 1810 1004 mr21

1661 1011 1809 1106 mt²⁷2
1871 1025 1947 1090 su
1995 1023 2080 1091 ad
2127 1046 2308 1093 mare
2352 1027 2564 1095 omnis
2605 1034 2707 1094 tur

1661 1114 1783 1158 ¹⁰ae
1868 1175 1955 1242 ba
1996 1177 2306 1244 ueniebat
2349 1177 2435 1244 ad
2481 1197 2626 1261 eum

419 874 459 934 8
548 870 675 971 nisi
716 871 894 938 solus
940 873 1019 938 ds
1064 893 1191 957 quo
1235 881 1341 940 sta

546 1022 661 1087 tim
707 1023 973 1108 cognito
1021 1023 1125 1090 ihs
1168 1026 1295 1110 spu

545 1192 662 1239 suo
708 1174 865 1257 quia
905 1175 1004 1241 sie
1044 1175 1270 1260 cogita

432 1306 435 1309 ’
545 1331 692 1391 rent
732 1325 911 1392 intra
951 1346 1024 1394 se
1069 1326 1239 1394 uixit
1276 1329 1324 1395 il
1696 1335 1776 1399 14
1866 1333 1931 1393 et
1972 1327 2252 1395 docebat
2293 1350 2407 1397 eos
2451 1338 2518 1398 et
2561 1339 2638 1399 οῖ’

380 2379 460 2445 10

382 3142 455 3206 11

380 3601 459 3663 12

544 1475 627 1542 lis
672 1476 831 1559 quid
871 1477 1003 1544 ista
1045 1479 1353 1564 cogitatis

545 1627 613 1692 in
657 1626 899 1694 eordib'
942 1632 1181 1698 uestris
1221 1631 1377 1716 quid

545 1786 647 1847 est
689 1780 950 1849 facilius
996 1782 1219 1851 dieere

544 1931 909 2017 paralytico
955 1933 1261 2002 dimittvn

545 2089 648 2149 tur
690 2083 809 2150 tibi
856 2094 1134 2169 peecata
1175 2108 1260 2153 an

546 2234 765 2303 dicere
809 2257 1006 2322 surge
1049 2244 1116 2305 et
1156 2240 1248 2305 tol

543 2387 608 2453 le
651 2395 933 2471 grauatn
977 2397 1092 2456 tufi
1136 2398 1208 2457 ut
1254 2412 1337 2458 av

545 2544 609 2604 te
659 2539 887 2606 sciatis
932 2542 1086 2624 quia
1129 2549 1317 2627 potes

550 2696 685 2756 tate
730 2690 932 2758 habet
973 2646 1159 2760 filius*
1194 2693 1280 2762 ho

549 2839 743 2907 minis
789 2842 854 2906 in
903 2849 1078 2912 terra
1120 2845 1313 2914 dimit

547 2992 729 3057 tendi
774 3001 1047 3078 peecata
1091 2995 1186 3063 ait
1228 3018 1319 3082 pa

548 3143 825 3229 ralytioo
869 3144 987 3210 tibi
1034 3120 1183 3213 dio'o
1227 3167 1337 3215 sur

508 3292 511 3295 ’
549 3315 633 3380 ge
677 3296 835 3363 tolle
877 3306 1158 3381 grauatu
1205 3305 1347 3367 tuit·

547 3454 616 3514 et
657 3445 828 3514 uade
872 3447 938 3512 in
985 3448 1182 3515 domu
1223 3456 1335 3517 tufi

548 3605 612 3664 et
654 3606 813 3666 stati
857 3600 970 3668 ille
1015 3602 1298 3670 surrexit

518 3706 613 3816 *et
655 3750 912 3816 sublato
957 3760 1234 3836 grauate

548 3900 686 3967 abit
706 3862 709 3865 ”
728 3906 946 3968 ceram
987 3904 1225 3970 omnib'

549 4051 642 4117 ita
686 4059 756 4118 ut
796 4051 1201 4122 admirentur

548 4222 773 4270 omnes
817 4211 885 4272 et
928 4205 1203 4272 honorifi

547 4362 770 4421 carent
815 4354 917 4421 dm
959 4355 1254 4424 dieentes

547 4505 699 4588 quia
742 4514 962 4590 nuque
1004 4506 1102 4573 sie
1143 4507 1284 4574 uidi

849 4677 989 4723 mus

1695 2232 1772 2297 15

1866 1478 2214 1562 preteriret
2254 1480 2424 1548 uidit
2464 1483 2530 1550 le

1864 1629 1930 1695 ui
1975 1630 2198 1717 alphei
2242 1632 2514 1700 sedente
2560 1633 2647 1701 ad

1865 1782 2131 1849 telonefi
2174 1790 2242 1850 et
2285 1783 2381 1851 ait
2423 1785 2524 1852 illi
2568 1806 2642 1853 se

1864 1952 2062 2014 quere
2106 1953 2211 2000 me
2256 1942 2324 2002 et
2365 1956 2643 2021 surgens

1861 2091 2123 2151 seeutus
2167 2092 2270 2153 est
2312 2095 2391 2155 εἰν

1860 2235 1943 2300 Et
1985 2236 2165 2303 factu
2211 2245 2312 2304 est
2354 2239 2435 2304 eu
2481 2240 2643 2307 aeet'i

1867 2387 2097 2454 berent
2140 2387 2205 2454 in
2253 2387 2447 2455 domo
2492 2389 2592 2455 illi

1868 2558 1944 2604 us
1987 2544 2055 2606 et
2097 2539 2285 2607 multi
2328 2540 2660 2625 publieani

1865 2697 1934 2758 et
1977 2698 2360 2777 peecatores

1864 2842 2058 2910 simul
2105 2842 2539 2911 disefibebant

1865 2996 1945 3061 cfi
1991 2994 2105 3061 ihu
2152 3002 2219 3063 et
2260 2994 2605 3081 discipulis
2650 2997 2712 3064 ei

1866 3166 1941 3212 us
1985 3153 2176 3214 erant
2218 3147 2329 3231 qui
2374 3166 2575 3231 seque

1867 3297 2105 3364 bantur
2149 3307 2233 3365 eu
2278 3297 2467 3364 multi
2511 3305 2579 3364 et

1703 3445 1774 3510 16
1860 3446 2118 3513 scribae
2160 3454 2227 3514 et
2268 3447 2561 3532 pharisei
2607 3446 2806 3514 viden

1865 3603 1965 3664 tes
2010 3596 2167 3680 quia
2210 3598 2635 3665 manduearet

1865 3767 2012 3814 eum
2055 3749 2447 3833 peeeatorib'
2491 3756 2558 3816 et

1865 3899 2237 3985 publicanis
2280 3900 2596 3969 dicebant

1864 4051 2208 4137 diseipulis
2252 4050 2396 4119 eius
2440 4071 2643 4135 quare

1862 4214 1943 4272 eu
1984 4203 2356 4289 publieanis
2400 4209 2468 4270 et
2509 4223 2633 4290 pec

1863 4354 2132 4421 eatorib'
2176 4356 2533 4423 manducat

1864 4478 2186 4590 mugister
2227 4512 2448 4574 uester
