3634 5717
764 676 849 742 48

937 888 1003 947 to
1047 882 1293 966 angela
1339 903 1548 948 meum
1597 903 1679 947 an

935 1040 999 1099 te
1046 1033 1438 1123 faeiem-tua
1483 1035 1591 1117 qui

932 1186 1332 1269 praeparabit
1379 1186 1487 1251 uia
1530 1193 1642 1252 tua

772 1338 839 1399 ll
935 1342 1087 1400 ante
1133 1344 1199 1403 te
1242 1339 1449 1404 Amen
1500 1339 1648 1404 dieo

768 1424 831 1458 mt
861 1420 930 1459 10⁵

763 1470 885 1559 10⁶20
939 1488 1124 1554 uobis
1172 1510 1299 1554 non
1342 1510 1572 1555 surrex

932 1639 985 1704 it
1029 1639 1198 1706 inter
1244 1649 1435 1708 natos
1483 1645 1642 1709 muli

937 1802 1051 1857 erfl
1100 1793 1308 1859 maior
1354 1794 1644 1861 iohanne

933 1943 1225 2027 baptista
1270 1946 1381 2030 qui
1430 1955 1580 2013 aute

934 2093 1146 2160 minor
1191 2105 1291 2163 est
1335 2098 1400 2163 in
1446 2120 1650 2183 regno

933 2248 1173 2313 eaelorfl
1219 2250 1428 2316 maior
1473 2258 1574 2317 est
1613 2252 1727 2317 illo

767 2398 845 2462 12
930 2400 989 2463 A
1034 2400 1203 2467 dieb'
1249 2410 1399 2468 aute
1443 2403 1645 2489 johan

763 2486 828 2521 mt
858 2484 927 2523 106

763 2536 880 2625 10⁶o2
933 2551 1036 2616 nis
1081 2553 1411 2637 baptistae
1458 2557 1592 2638 usq'

932 2723 1102 2769 nune
1147 2716 1356 2788 regnu
1401 2708 1640 2773 eaelorfl
1760 2706 1769 2725 ‘

929 2854 1063 2919 uim
1109 2856 1353 2939 patitur
1398 2863 1465 2922 et
1508 2858 1617 2923 uio

929 3004 1088 3070 lenti
1138 3006 1460 3091 diripiunt
1504 3008 1664 3073 illud

767 3159 842 3221 13
931 3157 1173 3224 Omnes
1219 3170 1326 3225 eni
1373 3180 1491 3244 pro

763 3244 825 3278 mt
857 3242 926 3279 107

816 3293 862 3329 ¹⁰
929 3309 1168 3391 phetae
1212 3318 1279 3375 et
1322 3312 1429 3378 lex
1473 3316 1610 3397 usq'

931 3459 1014 3525 ad
1063 3461 1405 3530 iohannen.
1440 3466 1693 3550 prophe

767 3611 843 3676 14
930 3618 1231 3682 tauerunt
1272 3624 1337 3683 et
1380 3617 1437 3683 si
1488 3617 1623 3683 uul-

927 3765 1011 3831 tis
1057 3768 1351 3852 recipere
1398 3769 1541 3852 ipse
1592 3776 1693 3835 est

927 3918 1135 3984 helias
1181 3919 1291 4002 qui
1336 3927 1647 3986 uenturvs

761 4070 837 4133 15
927 4076 1027 4135 est
1070 4070 1180 4153 qui
1228 4070 1428 4137 habet
1472 4092 1662 4138 aures

924 4206 1240 4286 audiendi
1278 4221 1509 4297 audiat

763 4374 839 4439 16
925 4372 1043 4437 Cui
1091 4379 1240 4438 aute
1286 4373 1500 4438 simile

757 4460 816 4499 Br
844 4457 895 4493 33

756 4509 1267 4652 :¹³272OEaestimabo
1311 4545 1555 4608 genera

776 4624 799 4651 0

924 4676 1102 4741 tione
1151 4675 1345 4742 istam

1878 679 2067 744 MtC
2124 685 2190 748 11

2261 883 2496 948 similis
2546 889 2647 946 est
2693 881 2911 964 pueris

2260 1034 2577 1101 sedentib'
2625 1033 2686 1097 in
2737 1034 2876 1099 foro

2255 1188 2365 1271 qui
2411 1187 2774 1252 clamantes
2813 1205 2888 1251 eo

2093 1342 2165 1407 17
2256 1338 2577 1422 aequalib’
2619 1338 2843 1403 dieunt
2889 1336 2949 1403 ei
3036 1356 3040 1359 “

2260 1490 2620 1574 eieynimus
2664 1489 2850 1554 uobis

2259 1648 2324 1708 et
2370 1662 2498 1706 non
2544 1639 2804 1706 saltatis
2849 1640 2919 1703 la

2249 1794 2694 1860 mentauimus
2738 1799 2805 1857 et

2095 1954 2170 2016 18
2260 1969 2389 2013 non
2435 1941 2786 2030 planxistis
2834 1961 2913 2006 ue

2257 2100 2356 2165 nit
2400 2110 2508 2164 eni
2556 2094 2859 2161 iohannis
2906 2115 2988 2160 ne

2259 2253 2315 2335 q’
2361 2249 2769 2316 manducans
2816 2247 2958 2329 neq'

2253 2402 2485 2468 bibens
2531 2407 2596 2467 et
2639 2399 2864 2464 dieunt

2256 2553 2585 2620 daemonii]
2630 2514 2831 2616 liabet

2090 2711 2178 2773 19·
2254 2706 2438 2773 uenit
2482 2705 2655 2771 filius
2700 2703 2878 2769 homi

2190 2830 2199 2839 ο
2253 2859 2356 2925 nis
2401 2858 2805 2924 manducans
2851 2862 2917 2921 et

2248 3011 2479 3075 bibens
2529 3015 2594 3079 et
2636 3007 2863 3072 dieunt
2908 3027 2984 3071 ee

2253 3184 2327 3228 ee
2373 3162 2566 3227 homo
2612 3180 2818 3224 uorax
2865 3165 2930 3224 et

2252 3319 2510 3397 potator
2556 3311 2693 3377 uini
2739 3311 2870 3395 pub

2250 3428 2545 3529 lieaporfi
2592 3470 2658 3530 et
2702 3483 2905 3547 peeea

2248 3621 2394 3679 torn
2440 3615 2689 3680 amiens
2736 3621 2802 3678 et
2848 3613 2946 3678 ius

2248 3767 2496 3833 tifieata
2540 3774 2640 3832 est
2684 3716 2914 3849 sapien

2077 3921 2162 3985 20
2247 3919 2343 3984 tia
2384 3884 2540 3984 filiis
2582 3919 2719 3984 suis
2761 3920 2949 3983 Tune

2078 4008 2143 4043 int
2181 4006 2253 4043 109

2078 4057 2165 4146 10⁵1
2196 4108 2220 4145 ⁶
2248 4069 2465 4154 eoepit
2511 4070 2855 4154 inerepare

2248 4190 2562 4287 ciuitatis
2607 4221 2673 4285 in
2722 4222 2893 4306 quih'

2243 4373 2458 4438 factae
2492 4378 2653 4436 sunt
2699 4373 2871 4457 pluri

2245 4544 2391 4590 mae
2438 4523 2713 4590 uirtutes
2753 4524 2895 4591 eius

2248 4676 2403 4759 quia
2447 4698 2578 4742 non
2624 4678 2919 4761 egissent
