3634 5717
400 677 520 743 Fol
565 678 649 743 66

432 1183 517 1248 26

532 884 541 892 ’
604 877 865 963 quando
910 835 1305 945 necessitate
1346 875 1436 943 ha

602 1030 744 1097 buit
783 1037 850 1097 et
892 1027 1124 1097 esuriit
1165 1027 1311 1112 ipse
1354 1032 1423 1094 et

604 1180 713 1263 qui
759 1181 853 1246 efi-
887 1198 966 1245 eo
1010 1186 1201 1246 erant
1243 1197 1480 1263 quomo

603 1331 688 1397 do
734 1329 988 1396 introiit
1030 1330 1098 1396 in
1142 1329 1342 1396 domu
1386 1327 1455 1393 di

601 1484 723 1549 sub
765 1481 1072 1549 abiathar
1113 1480 1415 1567 principe

602 1632 951 1701 sacerdoti
994 1640 1063 1701 et
1104 1653 1312 1717 panes

603 1783 1071 1869 propositionis
1115 1783 1360 1851 mandu

1484 672 1845 740 Mro23

2818 680 2941 749 129

1923 896 2008 941 an
2055 876 2228 944 male
2273 878 2496 945 anima
2539 880 2728 947 salua
2766 882 2912 950 face

1923 1048 1994 1095 re
2040 1049 2125 1096 an
2172 1030 2448 1113 perdere
2492 1037 2562 1097 at
2603 1031 2702 1097 illi
2748 1039 2819 1097 ta

1924 1179 2163 1246 cebant
2207 1187 2273 1247 et
2313 1180 2785 1266 eircfispiciens

1924 1349 2038 1395 eos
2082 1331 2164 1396 ct'i
2207 1330 2668 1416 indignatione
2713 1352 2833 1400 con

1923 1481 2220 1549 tristatus
2265 1502 2468 1569 supra
2508 1486 2721 1552 cecita

1922 1639 1988 1698 te
2034 1632 2252 1700 cordis
2297 1636 2452 1702 eorfi
2501 1636 2663 1703 dicit
2704 1638 2790 1707 ho

1925 1784 2084 1850 mini
2128 1787 2410 1854 extende
2457 1789 2654 1854 manti
2701 1795 2813 1855 tua

1924 1944 1990 2003 et
2036 1937 2336 2005 extendit
2378 1946 2446 2005 et
2486 1940 2793 2008 restituta

602 1937 779 2005 cauit
821 1955 983 2021 quos
1027 1956 1157 2002 non
1204 1936 1448 2003 licebat

576 3583 710 3670 ⁴mo
744 3604 997 3694 babens
1041 3606 1241 3671 manu
1288 3602 1477 3670 arida

605 3764 672 3823 et
712 3755 1150 3823 obseruabant
1193 3756 1275 3820 οὖ
1320 3755 1377 3820 si

606 3908 899 3975 sabbatis
943 3914 1199 3974 curaret
1239 3914 1311 3973 nt
1354 3927 1434 3972 ac

605 4062 910 4127 cusare‘nt
951 4061 1034 4125 efi
1082 4066 1148 4125 et
1189 4058 1286 4124 ait
1329 4058 1413 4124 ho

607 4212 767 4277 mini
812 4211 1084 4277 babenti
1130 4220 1327 4276 manu
1373 4210 1470 4276 ari

605 4364 693 4431 da
734 4382 929 4447 surge
974 4363 1040 4428 in
1088 4361 1305 4427 medio
1350 4369 1417 4428 et

508 4500 513 4505 ⁵
608 4515 770 4582 dicit
812 4515 946 4580 illis
990 4513 1146 4580 licet
1186 4515 1392 4580 sabba

779 4666 865 4732 tis
909 4667 1078 4734 bene
1121 4666 1338 4733 facere

508 4835 663 4880 Codex
689 4848 869 4881 aurens.

603 2088 998 2155 manducare
1042 2087 1173 2154 nisi
1213 2086 1374 2154 solis
1793 2094 1836 2159 6
1923 2095 2026 2156 est
2069 2109 2301 2156 manus
2347 2090 2444 2156 illi
2492 2091 2823 2161 Exeuntes

599 2240 986 2307 saoerdotib’
1023 2245 1091 2307 ot
1135 2238 1324 2305 dedit
1718 2178 1892 2324 2:⁴3⁵
1926 2247 2077 2306 aute
2122 2240 2345 2308 statim
2391 2242 2701 2325 pharisaei
2744 2246 2825 2311 cfi

602 2392 699 2459 eis
743 2393 852 2477 qui
896 2393 979 2459 cri
1022 2411 1103 2458 eo
1148 2398 1338 2458 erant
1718 2331 1764 2375 io
1790 2332 1843 2387 ae
1923 2390 2303 2459 herodianis
2348 2393 2627 2459 consiliu
2674 2396 2804 2463 faci

318 2536 325 2545 “
396 2541 547 2671 “3725
599 2543 684 2608 Et
726 2543 990 2611 dicebat
1034 2543 1132 2610 eis
1176 2543 1456 2609 sabbatii
1922 2543 2123 2610 ebant
2165 2542 2482 2611 aduersus
2528 2547 2611 2612 eti
2656 2567 2783 2632 quo

396 2678 567 2773 mt²11e
600 2700 870 2779 propter
913 2694 1178 2762 homine
1222 2695 1404 2760 factu
1923 2694 2117 2762 modo
2164 2697 2246 2762 eti
2291 2695 2645 2780 perderent

396 2779 445 2875 ἐξ
466 2778 541 2877 33⁷
601 2852 704 2913 est
746 2853 814 2913 et
850 2866 980 2912 non
1026 2846 1222 2912 homo
1267 2864 1434 2930 prop
1797 2839 1834 2904 7
1923 2847 2029 2913 ihs
2046 2814 2224 2915 *aute
2270 2866 2415 2914 eum
2455 2847 2799 2935 discipulis

433 3003 518 3068 28
605 3004 707 3065 ter
739 2999 1019 3065 sabbatii
1063 2998 1220 3081 itaq’
1263 2996 1388 3063 dus
1433 3004 1534 3063 est
1923 3000 2060 3065 suis
2104 3000 2380 3068 secessit
2423 2998 2510 3066 ad
2555 3022 2735 3069 mare

600 3150 785 3217 filius
816 3150 1102 3216 hominis
1146 3149 1282 3215 etia
1321 3147 1580 3216 sabbati
1719 3208 1790 3240 m,
1814 3195 1866 3239 27
1926 3151 2011 3216 Et
2053 3152 2276 3217 multa.
2302 3154 2495 3220 turba
2536 3174 2579 3220 a
2622 3156 2889 3238 galilaea

364 3306 450 3373 ,C
492 3308 532 3373 3
598 3303 683 3396 Et
723 3301 1022 3369 introiuit
1065 3302 1234 3368 iterfi
1279 3300 1347 3367 in
1718 3245 1866 3393 3²4¹?
1926 3307 1993 3368 et
2036 3322 2078 3369 a
2120 3301 2318 3369 iudea
2360 3311 2588 3371 secuta
2632 3313 2733 3373 est
2776 3318 2858 3373 en

400 3392 464 3437 ⁸¹
486 3395 513 3437 ⁸
602 3459 950 3539 synagoga
989 3459 1059 3520 et
1103 3460 1246 3520 orat
1287 3453 1380 3519 ibi
1423 3452 1509 3517 ho
1719 3400 1844 3515 ¹⁰⁴3
1926 3460 1992 3519 et
2035 3454 2122 3519 ab
2164 3454 2627 3540 hierusolymis
2671 3467 2737 3525 et

1926 3605 2013 3670 ab
2058 3603 2324 3670 idumea
2365 3612 2549 3672 trans
2593 3606 2909 3677 iordanen

1926 3761 1993 3821 et
2036 3755 2145 3839 qui
2191 3755 2369 3823 circa
2409 3763 2558 3842 tyrn
2607 3730 2862 3827 et’sido

1927 3915 2010 3974 ne
2055 3908 2406 3974 multitudo
2448 3930 2695 3994 magna
2737 3933 2820 3979 au

1929 4058 2185 4126 dientes
2231 4081 2400 4144 quae
2443 4062 2731 4129 faciebat

1926 4219 2246 4278 uenerunt
2288 4211 2373 4278 ad
2419 4233 2563 4279 eum

1931 4364 2015 4428 Et
2057 4362 2227 4429 dixit
2271 4363 2614 4447 discipulis
2658 4366 2794 4431 suis

1929 4520 2000 4579 ut
2046 4515 2353 4580 nauicula
2395 4516 2521 4580 sibi
2569 4516 2760 4582 deser

1928 4665 2098 4732 uiret
2135 4673 2403 4750 propter

2609 4824 2642 4870 e
