3634 5717
718 648 1000 709 XXXVI

719 836 912 910 (add.)
956 835 1146 900 missi
1187 857 1235 897 o.
1283 832 1393 895 of¹
1420 830 1523 909 ς’]
1550 858 1597 915 γ
1644 838 1817 897 Mart..
1870 836 2010 896 Tur.
2061 871 2140 876 --
2187 836 2244 892 V
2292 841 2371 893 44
2416 855 2507 908 vg.
2557 835 2774 909 ducite,
2820 854 2942 894 aur.
2991 831 3282 895 adducite

718 942 765 982 o.
815 922 942 1002 ky.
992 955 1073 965 —
1121 921 1176 979 V
1224 928 1301 980 46
1348 942 1435 993 vg.
1488 923 1811 982 iniecerunt
1858 923 1915 980 in
1963 942 2115 990 eum..
2183 941 2303 980 aur.
2357 923 2494 993 (om.
2545 920 2604 978 in
2649 923 2809 990 eum)
2856 940 2906 977 e.
2953 913 3150 977 adf1.
3187 951 3278 962 --

719 1006 777 1065 V
823 1010 899 1064 47
949 1027 1035 1079 vg.
1087 1028 1236 1065 unus
1280 1015 1474 1064 autem
1542 1007 1795 1080 quidem„
1864 1027 1986 1066 aur.
2051 1009 2190 1072 (om.
2239 1005 2429 1078 quid.)
2477 1025 2522 1066 o.
2583 1005 2672 1063 of
2685 1001 2844 1079 f1k3
2911 1024 3001 1075 vg.
3071 1003 3280 1061 summi

718 1091 1055 1160 sacerdotia
1118 1111 1239 1151 aur.
1305 1090 1634 1171 principis
1675 1089 2072 1154 sacerdotum
2117 1109 2163 1150 ο.
2214 1090 2302 1149 cd
2329 1091 2363 1148 f
2377 1091 2410 1148 f
2418 1086 2438 1122 ¹
2464 1111 2529 1168 γ.
2581 1125 2654 1131 —ff
2706 1089 2761 1147 V
2807 1094 2884 1147 48
2931 1109 3023 1161 vg.
3088 1088 3280 1160 lignis,

719 1196 842 1234 aur.
879 1173 1177 1257 fustibus
1221 1197 1269 1236 e.
1318 1176 1466 1234 aed
1492 1177 1527 1234 f
1540 1178 1573 1235 f
1587 1173 1670 1234 ¹k
1695 1197 1761 1254 γ.
1810 1209 1892 1219 -
1938 1176 1993 1233 V
2043 1181 2119 1234 49
2167 1195 2258 1247 vg.
2309 1177 2489 1247 (var.)
2536 1174 2964 1248 adinpleantur,
3010 1193 3133 1231 aur.
3179 1171 3277 1234 in-

707 1259 1019 1340 pleantur
1062 1278 1109 1321 o.
1158 1262 1252 1320 ad
1277 1262 1310 1319 f
1323 1261 1421 1321 kl.
1470 1295 1538 1303 —-
1570 1261 1628 1319 V
1662 1267 1739 1319 52
1771 1281 1861 1332 vg.
1911 1261 2171 1332 profugit
2216 1261 2405 1318 nudus
2450 1260 2522 1319 ab
2567 1260 2673 1334 eie,
2719 1279 2840 1319 aur.
2863 1257 3047 1339 juyit
3072 1255 3284 1319 nudus

716 1364 764 1406 o.
814 1346 924 1406 ck.
996 1380 1075 1387 —
1143 1345 1201 1404 V
1249 1353 1322 1405 53
1372 1366 1445 1419 vg
1510 1346 1583 1405 ad
1628 1366 1914 1404 summum
1958 1345 2350 1420 sacerdotem,
2410 1365 2531 1405 aur.
2580 1344 2653 1403 ad
2689 1342 3056 1422 prinoipem
3100 1360 3282 1400 saeer-

718 1431 916 1490 dotum
962 1452 1010 1492 o.
1060 1427 1173 1489 cf¹
1200 1451 1275 1509 y:
1341 1452 1432 1502 vg.
1504 1432 1874 1502 conveniunt,
1942 1451 2064 1491 aur.
2136 1433 2559 1491 convenerunt
2601 1448 2650 1490 c,
2713 1424 3040 1500 edf¹g¹6
3063 1448 3127 1505 γ.
3198 1459 3280 1469 -

717 1514 775 1574 V
824 1520 899 1574 54
946 1536 1037 1586 vg.
1086 1529 1323 1574 secutus
1367 1526 1479 1588 est,
1524 1536 1646 1575 aur.
1693 1512 2075 1593 sequebatur
2120 1535 2168 1575 c.
2219 1512 2391 1572 cdf¹
2417 1515 2455 1572 k
2483 1535 2561 1593 γς
2607 1534 2696 1586 vg.
2733 1516 2908 1590 intro,
2954 1533 3078 1573 aur.
3102 1511 3283 1574 intus

716 1621 765 1660 e.
814 1618 878 1674 ος
922 1621 1012 1672 vg.
1062 1602 1269 1659 summi
1314 1601 1653 1674 sacerdotia,
1699 1621 1822 1660 aur.
1860 1598 2194 1679 principis
2236 1598 2632 1661 sacerdotum
2674 1620 2723 1660 o.
2769 1620 2838 1678 γ.
2871 1633 2956 1640 -
2986 1597 3044 1655 V
3079 1605 3154 1656 55
3186 1617 3277 1668 vg.

718 1687 929 1743 summi
975 1685 1327 1759 sacerdoteS,
1372 1706 1493 1747 aur.
1533 1684 1876 1766 principe-s·
1905 1688 2116 1747 autem
2152 1683 2554 1746 sacerdotum
2584 1705 2632 1743 e.
2665 1704 2701 1742 a
2723 1703 2753 1741 e
2779 1680 2836 1742 Ρ
2860 1703 2945 1763 γ;
2991 1704 3083 1756 vg.
3115 1702 3281 1741 omne

720 1771 1049 1847 concilium,
1095 1790 1217 1830 aur.
1264 1769 1635 1833 universum
1679 1788 1848 1832 cono.
1895 1791 1942 1830 e.
1992 1771 2028 1828 d
2053 1765 2112 1827 Ρ
2142 1789 2220 1849 73
2289 1790 2379 1841 vg.
2428 1769 2727 1844 adven-sue,
2773 1790 2895 1828 aur.
2947 1766 3283 1830 adversum

720 1875 769 1915 o.
818 1854 929 1924 dl;
997 1876 1088 1927 vg.
1139 1875 1245 1914 nee
1290 1856 1687 1932 inveniebant,
1757 1875 1880 1916 aur.
1928 1873 2060 1916 non
2106 1856 2293 1915 inven.
2343 1875 2391 1913 e.
2439 1855 2584 1913 ack
2610 1874 2677 1934 γ.
2726 1887 2808 1897 -
2853 1852 2912 1911 V
2961 1856 3036 1912 57
3084 1873 3175 1924 vg.
3222 1863 3285 1911 et

718 1939 952 2012 quidam
998 1951 1321 2012 surgentes,
1367 1961 1489 2001 aur.
1524 1939 1643 2002 alii
1671 1943 1883 2002 autem
1912 1942 2287 2019 exuryentes
2330 1959 2377 2000 o.
2425 1959 2456 1998 o
2480 1936 2540 1996 Ρ
2564 1959 2652 2018 γς
2693 1959 2784 2011 vg.
2828 1948 2964 2000 test.
2998 1937 3282 2004 ferebant..

720 2044 842 2083 aur.
896 2033 1027 2084 lest.
1077 2023 1371 2087 dicebant
1413 2044 1461 2086 c,
1510 2022 1690 2084 odf1
1714 2025 1769 2084 k.
1831 2059 1902 2066 ·-
1959 2025 2008 2081 V
2057 2031 2131 2083 58
2179 2044 2270 2096 vg.
2319 2044 2425 2096 per
2480 2024 2758 2093 triduum,
2825 2044 2949 2084 aur.
2987 2026 3143 2102 post
3184 2024 3284 2081 tri·

721 2109 898 2167 duum
943 2127 991 2170 o.
1041 2105 1318 2168 cdf¹kl
1344 2130 1411 2190 γ.
1458 2143 1540 2154 -
1587 2110 1642 2167 V
1694 2116 1769 2168 60
1817 2131 1908 2182 vg.
1958 2121 2019 2168 et
2063 2130 2259 2182 exurg.
2308 2129 2565 2168 summus
2610 2108 2899 2182 sami-doe,
2961 2129 3080 2168 aur.
3132 2111 3285 2169 tuno

720 2213 916 2267 exurg.
955 2192 1276 2273 princeps
1316 2193 1713 2257 sacerdotum
1757 2213 1801 2254 c.
1855 2191 1972 2253 ef¹
1998 2215 2079 2275 73
2135 2216 2224 2266 vg.
2274 2196 2331 2253 in
2377 2194 2652 2270 medium,
2698 2215 2822 2252 aur.
2867 2193 2941 2256 in
2983 2191 3187 2255 medio
3231 2212 3281 2250 e.

722 2278 1020 2359 ackly:
1067 2299 1158 2350 vg.
1208 2280 1608 2353 interrogavit,
1658 2300 1777 2339 aur.
1828 2277 2262 2359 interroyabat
2302 2300 2349 2339 o.
2400 2280 2589 2359 dky.
2638 2314 2718 2320 ——
2766 2279 2820 2336 V
2873 2285 2942 2337 61
2995 2299 3086 2351 vg.
3136 2287 3282 2335 tace·

718 2361 821 2422 bat
865 2372 926 2422 et
970 2363 1114 2422 nihil
1160 2366 1478 2441 respondit,
1525 2385 1648 2425 aur.
1696 2363 1947 2426 tacebat
1990 2365 2179 2432 (omit.
2228 2369 2447 2436 cetera)
2496 2384 2544 2424 e.
2593 2364 2661 2440 kg
2707 2384 2799 2435 vg.
2846 2383 3096 2438 rursum,
3157 2381 3279 2421 aur.

719 2465 986 2520 rursum
1030 2469 1122 2520 vg.
1170 2458 1233 2508 et
1276 2451 1439 2524 dicit,
1507 2470 1630 2511 aur.
1679 2448 1898 2511 dicens
1942 2469 1988 2510 e.
2037 2471 2104 2528 γ.
2151 2483 2234 2491 -
2280 2449 2334 2506 V
2386 2456 2462 2507 62
2509 2469 2597 2520 vg.
2647 2447 2817 2507 Iesus
2871 2459 3068 2507 autem
3113 2447 3284 2516 dixit,

720 2553 842 2594 aur.
892 2531 1078 2596 Iesus
1119 2553 1262 2596 vero
1308 2533 1405 2596 ait
1445 2555 1494 2595 e.
1544 2553 1677 2613 cy:
1746 2553 1837 2607 vg.
1886 2554 1922 2592 a
1966 2534 2207 2606 dextrini,
2274 2554 2397 2594 aur.
2467 2532 2558 2596 ad
2621 2531 2944 2596 dexteram
2988 2551 3036 2591 c.
3084 2549 3173 2590 ac
3202 2527 3278 2590 Ρ.

721 2651 802 2661 —
855 2617 912 2676 V
969 2626 1043 2678 63
1093 2639 1183 2690 vg.
1232 2619 1522 2692 scindenS,
1567 2639 1688 2677 aur.
1736 2618 1930 2682 scidit
1972 2639 2020 2680 e.
2071 2619 2209 2676 cdf
2224 2614 2241 2651 ¹
2269 2638 2352 2698 γς
2399 2638 2489 2690 vg.
2538 2619 2643 2696 ait,
2688 2638 2810 2677 aur.
2859 2620 2920 2680 et
2960 2616 3057 2680 ait
3097 2637 3145 2678 e.
3191 2616 3285 2675 od

722 2699 783 2760 Ρ
810 2722 875 2782 γ.
933 2736 1015 2746 ——
1072 2703 1129 2759 V
1177 2708 1253 2762 64
1300 2725 1390 2776 vg.
1441 2705 1540 2777 qui
1586 2723 1804 2778 omnes,
1850 2724 1971 2763 aur.
2021 2722 2235 2766 omnes
2278 2706 2488 2765 autem
2533 2725 2580 2764 c.
2629 2704 2739 2765 ed.
2811 2736 2893 2745 ——
2960 2703 3014 2760 V
3063 2710 3141 2761 65
3190 2721 3281 2774 vg.

722 2787 1082 2862 prophetiza,
1127 2808 1250 2846 aur.
1296 2790 1501 2860 proph.
1548 2786 1734 2850 nobis
1777 2785 2007 2850 christe
2050 2807 2097 2849 e.
2143 2797 2260 2860 gat.
2332 2822 2413 2832 —
2480 2787 2539 2846 V
2588 2795 2662 2847 66
2709 2808 2799 2860 vg.
2848 2797 2910 2846 et
2954 2806 3085 2846 cum
3127 2796 3284 2846 esset

722 2870 909 2947 Petu,
955 2892 1076 2931 aur.
1126 2869 1358 2936 ,Petrus
1404 2878 1608 2936 autem
1652 2890 1794 2934 oum
1833 2876 2000 2935 esset
2040 2892 2088 2933 e.
2136 2894 2166 2932 c
2190 2893 2255 2953 γ.
2295 2908 2372 2915 -
2403 2872 2462 2931 V
2489 2877 2564 2932 67
2612 2893 2702 2944 vg.
2751 2873 2938 2950 illum,
2984 2893 3108 2932 aur.
3142 2889 3282 2932 oum

721 2976 770 3017 o.
821 2976 939 3036 ay.
1052 2956 1110 3015 V
1158 2963 1233 3016 68
1281 2978 1369 3030 vg.
1421 2959 1586 3033 exiit,
1631 2978 1753 3016 aur.
1801 2957 2036 3020 exiens.
2092 2991 2173 3001 —
2236 2958 2291 3016 V
2344 2964 2417 3017 70
2465 2978 2556 3030 vg.
2606 2978 2828 3034 rut-sue,
2883 2978 3005 3018 aur.
3052 2956 3282 3019 iterum

722 3061 771 3102 o.
819 3037 1220 3122 aodf¹k73
1286 3064 1377 3115 vg.
1427 3043 1716 3116 dicebant,
1776 3063 1903 3102 aur.
1952 3041 2257 3105 dixerunt
2298 3063 2345 3101 e.
2394 3039 2663 3121 οᾶΡγ.
2714 3076 2796 3086 -
2841 3041 2899 3100 V
2951 3046 3027 3101 72
3082 3062 3171 3114 vg.
3220 3051 3282 3100 et

722 3128 944 3203 statim,
989 3148 1112 3188 aur.
1161 3136 1223 3186 et
1265 3126 1567 3191 continuo
1611 3146 1659 3188 c.
1706 3124 1981 3209 cf¹ky.

895 3210 941 3272 O
994 3220 1089 3288 15„
1142 3219 1167 3269 1
1220 3233 1309 3284 vg.
1358 3225 1420 3272 et,
1464 3213 1771 3273 confestim
1818 3233 1986 3286 mane
2007 3212 2334 3293 *eonsilium
2380 3213 2662 3272 facientes
2690 3214 2899 3271 summi
2930 3211 3282 3280 saoerdooee,

722 3317 845 3358 aur.
895 3314 1039 3358 cum
1085 3299 1297 3359 autem
1341 3315 1526 3360 mane
1570 3295 1817 3375 factum
1858 3299 2026 3360 esset
2070 3293 2416 3359 consilium
2462 3296 2755 3376 fecerunt
2786 3294 3134 3375 principes
3177 3311 3283 3358 εα-

722 3379 1054 3443 cerdotum
1098 3402 1145 3442 ο.
1196 3400 1226 3440 c
1272 3384 1401 3456 (qui
1444 3383 1623 3442 habet,
1666 3403 1871 3444 summ.
1919 3384 2171 3454 sacerd.)
2218 3400 2299 3462 γς
2355 3403 2444 3454 vg.
2492 3383 2814 3440 vincientes
2858 3381 2998 3456 lea,
3051 3401 3174 3440 aur.
3223 3382 3286 3441 et

721 3464 1008 3527 vinctum
1052 3464 1167 3527 len.
1216 3488 1264 3528 e.
1312 3488 1400 3526 ae
1424 3468 1461 3527 d
1485 3465 1540 3526 Ρ
1568 3489 1618 3548 γ
1662 3468 1840 3527 Mart.
1888 3468 2026 3528 Tur.
2065 3501 2143 3511 —
2176 3466 2231 3524 V
2267 3475 2301 3524 2
2333 3487 2423 3539 vg.
2457 3467 2708 3536 Pilatus,
2754 3487 2877 3527 aur.
2911 3465 3025 3525 Pil.
3059 3463 3283 3527 dicens

720 3570 771 3611 o.
820 3550 929 3610 ok.
979 3583 1061 3593 —
1105 3550 1164 3609 V
1208 3557 1243 3610 4
1290 3573 1381 3625 vg.
1427 3552 1656 3612 Pilatus
1702 3565 1898 3612 autem
1943 3573 2165 3626 rutena,
2232 3572 2352 3611 aur.
2414 3549 2651 3613 iterum
2687 3548 2963 3629 pilatu-3.
3018 3585 3092 3592 ——
3140 3550 3197 3606 V
3246 3557 3279 3608 6

722 3655 812 3707 vg.
846 3655 952 3706 per
997 3636 1146 3696 diem
1179 3647 1374 3696 autem
1404 3638 1618 3697 festum
1650 3638 1947 3698 dimittere
1978 3637 2202 3696 solebat
2230 3636 2346 3696 illis
2385 3657 2561 3695 unum
2593 3658 2665 3697 ex
2694 3637 2907 3695 vinctis
2939 3654 3284 3708 quemquam

721 3720 1038 3796 petissent,
1096 3743 1218 3784 aur.
1265 3744 1371 3794 per
1414 3724 1565 3782 diem
1631 3733 1750 3783 aut.
1798 3719 2147 3783 solemnem
2192 3724 2604 3783 consveverat
2633 3737 2915 3800 praeses
2960 3718 3284 3782 dimittere

723 3804 819 3867 eis
848 3823 1051 3866 unum
1080 3804 1364 3869 vinctum
1394 3825 1580 3885 quem
1609 3804 1971 3868 voluissent
1999 3828 2048 3867 c.
2083 3827 2114 3865 o
2137 3803 2199 3865 Ρ
2234 3808 2363 3879 (qui
2393 3807 2640 3866 habent:
2684 3807 2908 3866 solebat
2951 3826 3055 3877 pro
3088 3823 3281 3864 eonsv.

723 3900 785 3948 et
828 3891 878 3948 f:
925 3910 996 3948 ex
1042 3893 1251 3951 vinetis
1296 3913 1400 3963 pro
1442 3894 1729 3964 vinetum)
1784 3912 1850 3972 γ.
1905 3925 1988 3934 -
2042 3891 2097 3949 V
2153 3898 2185 3950 8
2233 3912 2322 3964 vg.
2371 3892 2526 3951 sieut
2568 3911 2797 3963 semper
2840 3891 3111 3966 faciebat,
3156 3909 3283 3948 aur.

723 3971 893 4036 sicut
966 3979 1378 4038 consveverat
1440 3974 1654 4055 facere
1698 3998 1747 4035 o.
1794 3997 1826 4034 e
1850 3997 1915 4056 γ.
1964 4010 2046 4019 -
2092 3977 2147 4034 V
2198 3985 2230 4036 9
2278 3997 2367 4048 vg.
2438 3978 2522 4035 eis
2589 3988 2650 4036 et
2716 3977 2884 4053 dixit,
2952 3996 3077 4037 aur.
3141 3969 3285 4035 illis

724 4056 949 4120 dicens
992 4082 1037 4117 e.
1089 4081 1118 4118 e
1141 4081 1205 4141 γ,
1257 4094 1338 4104 -
1383 4060 1442 4119 V
1494 4068 1560 4119 11
1612 4081 1702 4133 vg.
1751 4063 2054 4133 pontifices
2098 4072 2293 4121 autem
2337 4063 2775 4121 concitaverunt
2841 4061 3090 4132 turbam,
3156 4079 3283 4118 aur.

723 4141 973 4205 scribae
1020 4146 1232 4206 autem
1265 4148 1740 4223 perwaserunt
1771 4142 1989 4224 pilato
2021 4168 2069 4207 e.
2104 4167 2135 4206 e
2167 4148 2296 4220 (qui
2335 4146 2514 4209 habet
2558 4147 2729 4206 turba
2771 4167 2877 4218 pro
2921 4146 3054 4218 pil.)
3099 4166 3164 4223 γ.
3199 4177 3283 4186 —-

721 4227 779 4286 V
812 4235 881 4287 13
908 4249 999 4301 vg.
1032 4240 1095 4288 at
1124 4230 1210 4288 illi
1241 4232 1473 4306 iterum,
1519 4251 1641 4292 aur.
1675 4227 1782 4292 illi
1811 4248 1962 4293 vero
1994 4252 2042 4293 c.
2077 4252 2106 4289 o
2130 4252 2212 4312 73
2257 4252 2347 4304 vg.
2380 4232 2568 4304 elam„
2614 4252 2734 4292 aur.
2772 4232 2962 4304 (add.)
2997 4228 3286 4292 dicentes

723 4330 770 4373 c,
819 4313 982 4392 ody
1025 4323 1141 4385 gat.
1192 4348 1274 4358 —
1317 4314 1375 4373 V
1413 4321 1487 4374 14
1534 4336 1624 4387 vg.
1671 4316 1782 4376 Pil.
1831 4337 1990 4390 vero,
2037 4337 2158 4376 aur.
2205 4316 2321 4375 Pil.
2371 4319 2583 4378 autem
2626 4338 2673 4375 ο.
2723 4316 2949 4377 aek6.
2998 4348 3080 4358 —
3111 4313 3169 4372 V
3207 4319 3281 4371 15

723 4418 812 4470 vg.
860 4398 971 4458 Pil.
1022 4410 1237 4466 autem*
1284 4420 1405 4462 aur.
1455 4403 1606 4462 tunc
1650 4400 1763 4462 Pil.
1811 4421 1861 4462 e.
1910 4422 1958 4463 e.
2008 4434 2090 4444 —
2134 4400 2192 4459 V
2246 4409 2316 4461 16
2364 4421 2456 4474 vg.
2505 4413 2838 4474 convocant,
2886 4421 3006 4461 aur.
3058 4415 3285 4461 convo·

724 4485 1032 4543 caverunt
1074 4504 1123 4544 o.
1172 4484 1277 4542 cd.
1328 4518 1411 4528 —
1456 4485 1510 4542 V
1570 4489 1638 4544 17
1686 4506 1776 4558 vg.
1827 4486 2076 4545 induunt
2120 4519 2202 4529 —
2249 4488 2563 4560 inponunt,
2629 4508 2753 4545 aur.
2799 4483 3157 4547 induerunt
3199 4516 3286 4527 —

723 4586 772 4626 ο.
821 4568 877 4628 d.
923 4564 1360 4645 inposuerunt
1403 4591 1451 4630 ο.
1500 4570 1650 4627 edf
1660 4567 1698 4632 ¹.
1746 4604 1830 4614 —-
1897 4570 1955 4629 V
2007 4577 2079 4630 18
2126 4591 2218 4643 vg.
2266 4581 2583 4643 coeperunt
2627 4571 2881 4631 salutare
2935 4590 3087 4644 eum,
3155 4588 3281 4628 aur.

724 4645 1171 4714 Salutaberunt
1215 4670 1357 4714 eum
1401 4651 1687 4716 dicentes
1730 4676 1779 4717 o.
1812 4676 1845 4715 o
1891 4656 2017 4729 (qui
2064 4655 2267 4715 habet:
2315 4656 2653 4728 salutabat).
2745 4655 2812 4715 V
2842 4662 2912 4715 19
2945 4676 3037 4729 vg.
3083 4673 3284 4729 consp.
