3634 5717
727 674 813 739 34

898 888 1071 961 pane
1120 875 1433 959 numquid
1466 874 1701 970 ‘lapide

735 1031 819 1097 10
903 1028 1198 1113 porriget
1242 1027 1303 1093 ei
1351 1033 1463 1093 aut
1508 1027 1565 1092 si
1611 1026 1791 1112 pisce

900 1179 1066 1265 petit
1111 1180 1359 1262 nuquid
1401 1200 1639 1263 serpen

739 1335 813 1399 11
905 1338 967 1397 te
1015 1331 1311 1416 porriget
1355 1331 1416 1397 ei
1463 1331 1516 1395 si
1566 1351 1724 1415 ergo

901 1503 1018 1548 uos
1066 1494 1145 1548 on
1191 1483 1337 1548 sitis
1384 1481 1540 1548 mali
1587 1503 1707 1549 nos

902 1635 986 1699 tis
1030 1636 1205 1700 bona
1249 1634 1408 1700 data
1451 1633 1611 1700 dare
1654 1635 1749 1699 fili

905 1788 959 1852 is
1006 1787 1241 1852 uestris
1288 1794 1530 1869 quanto
1573 1808 1680 1851 ma

903 1939 1006 2024 gis
1055 1945 1242 2024 pater
1286 1946 1504 2006 uester
1548 1938 1659 2023 qui

905 2090 968 2155 in
1017 2092 1194 2157 eaelis
1236 2098 1335 2156 est
1379 2091 1562 2156 dabit
1604 2093 1779 2158 bona

733 2246 876 2370 ἔξω
903 2243 1214 2328 petentib’
1258 2264 1329 2310 se
1376 2243 1616 2310 Omnia
1663 2265 1735 2311 er

732 2383 849 2471 10⁶„
907 2417 993 2480 go
1041 2396 1418 2481 quaecumq'
1460 2396 1657 2462 uultis

900 2558 972 2614 ut
1016 2549 1263 2614 faciant
1308 2548 1494 2614 uobis
1540 2546 1718 2612 homi

906 2719 1022 2765 nes
1064 2700 1237 2765 bona
1283 2700 1379 2766 ita
1422 2707 1488 2765 et
1528 2719 1647 2764 uos
1693 2700 1762 2765 fa

904 2849 1032 2915 eite
1068 2820 1174 2915 ‘eis
1219 2850 1385 2916 haee
1430 2856 1530 2915 est
1575 2863 1684 2918 eni

904 3000 1014 3066 lex
1059 3008 1124 3066 et
1168 3000 1530 3087 prophetae

738 3155 878 3276 ἔξω
896 3154 1158 3239 Jntrate
1204 3173 1320 3237 per
1358 3161 1640 3237 augusta

737 3290 883 3380 10⁶170
913 3311 1102 3389 portu
1145 3304 1301 3388 quia
1344 3305 1479 3371 lata
1522 3312 1714 3390 porta

907 3464 972 3522 et
1016 3457 1312 3542 spatiosa
1355 3457 1468 3523 uia
1511 3477 1679 3542 quae
1750 3480 1759 3489 ·

911 3609 1091 3675 ducit
1132 3608 1216 3675 ad
1265 3608 1634 3694 perditione

911 3767 978 3827 et
1015 3761 1199 3826 multi
1246 3768 1398 3826 sunt
1442 3761 1551 3843 qui
1598 3761 1664 3825 in

748 3914 826 3977 14
912 3918 1088 3978 trant
1131 3933 1248 3998 per
1293 3924 1373 3978 en
1417 3933 1609 3997 quam
1654 3935 1738 3979 an

912 4072 1108 4150 gusta
1152 4072 1343 4149 porta
1387 4072 1452 4130 et
1496 4070 1642 4130 arta

916 4225 1016 4285 est
1060 4218 1171 4283 uia
1215 4237 1357 4299 quae
1404 4215 1584 4282 ducit
1629 4218 1712 4283 ad
1760 4219 1826 4283 ui

914 4377 983 4436 ta
1027 4375 1094 4437 et
1137 4369 1330 4454 pauci
1374 4375 1526 4434 sunt
1565 4370 1674 4452 qui

752 4527 829 4590 15
918 4522 1259 4587 inueniunt
1298 4536 1377 4589 en
1429 4523 1634 4588 Adten

748 4614 813 4648 mt
836 4609 887 4649 67

800 4661 867 4750 231
922 4674 1058 4741 dite
1103 4675 1289 4741 vobis
1334 4697 1376 4741 a
1422 4676 1608 4742 falsis

1909 671 2176 737 Mtc‘l

2231 874 2571 960 prophetis
2618 874 2726 956 qui
2772 875 2926 940 ueni

2231 1032 2347 1090 unt
2390 1025 2475 1090 ad
2516 1046 2633 1091 uos
2679 1026 2744 1092 in
2789 992 2960 1093 nesti

2234 1178 2474 1243 mentis
2521 1179 2675 1243 ouin
2717 1178 2918 1245 intrin

2232 1350 2419 1395 secus
2466 1336 2616 1396 aute
2661 1337 2813 1396 sunt
2856 1332 2922 1397 lu

2066 1487 2145 1551 16
2230 1483 2300 1569 pi
2343 1502 2617 1566 rapaces
2664 1504 2705 1548 a
2750 1483 2939 1549 fructi

2228 1636 2286 1700 b'
2331 1645 2486 1701 eoru
2527 1636 2939 1717 cognoscetis

2059 1722 2200 1863 :2⁸3³
2231 1807 2343 1853 eos
2385 1787 2715 1870 Numquid
2762 1786 2913 1853 eolli

2230 1946 2393 2024 gunt
2435 1939 2517 2004 de
2562 1938 2773 2022 spinis
2815 1959 2977 2005 uuas

2231 2097 2344 2156 aut
2389 2090 2472 2157 de
2517 2090 2774 2156 tribulis
2822 2090 2978 2157 fieus

2067 2246 2143 2310 17
2232 2244 2343 2309 Sic
2382 2233 2594 2308 o'mnis
2634 2242 2828 2309 arbor
2869 2243 2952 2307 bo

2063 2330 2208 2470 :2¹2⁹
2237 2416 2323 2461 na
2366 2395 2570 2460 bonos
2617 2395 2859 2460 fructos

2233 2546 2392 2612 facit
2438 2547 2614 2612 mala
2659 2553 2808 2613 auto
2856 2568 2928 2612 ar

2234 2699 2350 2763 bor
2389 2699 2634 2764 fruetus
2674 2698 2834 2766 faeit

2067 2853 2145 2918 18
2232 2852 2441 2917 malos
2487 2841 2616 2915 non
2663 2857 2880 2935 potest

2234 3003 2428 3068 arbor
2470 3003 2644 3069 bona
2687 3003 2933 3069 fructus

2233 3156 2442 3221 malos
2490 3155 2706 3221 faeere
2754 3156 2895 3237 neq'

2232 3308 2425 3374 arbor
2470 3308 2646 3373 mala
2691 3307 2936 3371 fruetus

2069 3464 2148 3530 19
2235 3463 2441 3526 bonos
2482 3457 2699 3526 faeere
2742 3479 2845 3524 om

2236 3614 2339 3680 nis
2385 3613 2578 3678 arbor
2622 3630 2788 3694 quae
2835 3630 2964 3676 non
3020 3637 3028 3645 ·

2236 3764 2397 3831 saeit
2442 3764 2653 3830 fructu
2697 3764 2873 3829 bonu

2238 3917 2576 3985 excidetur
2619 3922 2687 3982 et
2725 3916 2793 3981 in
2835 3913 2991 3998 igne

2067 4075 2153 4138 20
2238 4070 2516 4136 mittitur
2559 4068 2761 4153 igitur
2806 4088 2888 4133 ex

2243 4222 2491 4289 fruetib'
2538 4231 2695 4287 eoru
2741 4238 2987 4303 eognos

2240 4375 2401 4441 cetis
2448 4394 2560 4440 eos

2070 4532 2148 4595 21
2239 4528 2384 4593 Non
2434 4525 2645 4591 omnis
2692 4523 2800 4608 qui
2845 4521 3007 4587 dieit

2077 4616 2134 4652 Br
2162 4614 2208 4651 17

2075 4664 2213 4751 ”¹3⁶⁰
2251 4680 2411 4744 mihi
2457 4681 2589 4747 dne
2632 4681 2763 4746 dae

2072 4763 2225 4854 {2¹:3⁷
