3634 5717
776 687 857 750 78

816 1494 896 1559 15

814 1799 892 1863 16

776 1885 844 1925 mt
872 1882 947 1924 194

775 1983 948 2077 ἰὲἳὲὶῃ

773 2091 821 2128 ot
846 2086 923 2128 152

817 2391 890 2456 17

816 3148 892 3211 18

820 3907 896 3970 19

982 886 1179 954 sinite
1227 891 1534 976 paruulos
1580 888 1732 956 ueni

982 1060 1052 1107 re
1096 1041 1182 1108 ad
1230 1063 1332 1108 me
1380 1050 1447 1108 et
1493 1042 1696 1107 nolite
1741 1060 1854 1106 eos

987 1192 1337 1276 prohibere
1382 1194 1548 1261 taliu
1595 1200 1696 1260 est

983 1344 1156 1410 enim
1204 1355 1414 1429 regnu
1459 1345 1699 1409 oaeloru

982 1501 1048 1561 et
1092 1505 1173 1560 eu
1220 1495 1619 1579 inposuisset
1665 1495 1763 1563 eis

985 1666 1216 1712 manus
1263 1647 1428 1714 abiit
1469 1646 1623 1714 iude

989 1797 1069 1862 Et
1113 1817 1264 1863 ecoe
1294 1757 1473 1864 ’unus
1521 1818 1674 1864 acce

988 1946 1151 2012 dens
1198 1947 1293 2014 ait
1339 1948 1434 2014 illi
1483 1950 1799 2033 magister

983 2098 1152 2164 bone
1199 2096 1354 2181 quid
1395 2099 1547 2164 boni
1597 2099 1768 2166 facia

982 2258 1051 2316 ut
1095 2250 1309 2317 habea
1352 2250 1488 2316 uita
1531 2258 1690 2316 aeter

983 2424 1135 2469 nam
1182 2402 1293 2486 qui
1336 2401 1507 2468 dixit
1549 2401 1612 2468 ei
1657 2401 1808 2485 quid

981 2512 1084 2621 uie
1129 2556 1499 2638 interrogas
1544 2553 1628 2620 de
1672 2554 1755 2620 bo

980 2726 1066 2770 no
1115 2724 1279 2771 unus
1328 2711 1429 2771 est
1471 2705 1677 2770 bonus

982 2854 1060 2919 ds
1105 2854 1162 2920 si
1210 2860 1426 2920 autem
1466 2854 1568 2921 uis
1613 2855 1698 2921 ad
1743 2855 1810 2920 ui

979 3013 1113 3073 tam
1159 3004 1419 3090 ingredi
1463 3024 1657 3072 serua
1701 3027 1852 3071 man

981 3156 1137 3222 data
1181 3156 1344 3222 dicit
1386 3155 1485 3220 illi
1530 3177 1673 3238 quae

981 3307 1084 3371 ihs
1129 3313 1346 3373 autem
1393 3305 1563 3372 dixit
1605 3328 1736 3372 non

979 3457 1339 3524 homicidit]
1386 3458 1549 3524 facis
1598 3479 1725 3524 non

980 3608 1382 3676 adulterabis
1423 3630 1552 3675 non
1599 3609 1730 3676 faoi

979 3781 1051 3827 es
1096 3761 1332 3826 furtum
1379 3782 1507 3827 non
1555 3762 1727 3828 falsu

984 3910 1363 3977 testimonifi
1409 3911 1575 3978 dieis
1619 3911 1704 3977 ho

977 4083 1139 4128 nora
1184 4068 1436 4146 patrem
1480 4071 1546 4128 et
1592 4085 1699 4130 ma

978 4220 1075 4279 tre
1121 4222 1188 4279 et
1231 4213 1458 4297 diligis
1506 4215 1692 4298 proxi

978 4388 1150 4433 mum
1191 4374 1305 4432 tufi
1351 4365 1518 4433 siout
1563 4374 1627 4433 te
1671 4368 1739 4452 ip

801 4519 887 4582 20
971 4539 1113 4585 sum
1159 4517 1321 4584 dicit
1364 4516 1426 4619 si
1468 4518 1760 4588 adulisoe

977 4691 1055 4736 ns
1101 4669 1321 4736 omnia
1365 4671 1507 4738 haeo

1888 688 2204 755 Mtc19

2128 1044 2207 1110 21

2101 1131 2169 1172 mt
2194 1129 2272 1171 195

2310 890 2633 957 custodiui
2681 888 2837 973 quid
2885 889 2970 955 ad

2299 1043 2425 1107 huc
2470 1041 2630 1106 mihi
2682 1041 2869 1107 deest
2904 1039 3016 1104 Ait

2098 1181 2271 1275 ,ΝΞΟ-Ι
2307 1193 2404 1258 illi
2452 1192 2554 1257 ihs
2599 1192 2656 1258 si
2701 1191 2804 1258 uis
2842 1190 3067 1276 perfec

2098 1283 2141 1327 le
2166 1282 2247 1324 219

2302 1352 2407 1409 tus
2452 1364 2598 1411 esse
2643 1342 2813 1410 uado
2857 1342 3070 1408 uende

2304 1515 2446 1578 quae
2491 1495 2695 1561 habes
2734 1500 2802 1561 et
2845 1492 2935 1559 da
2975 1513 3107 1577 pau

2304 1646 2507 1729 perib'
2553 1652 2619 1712 et
2661 1644 2935 1712 habebis
2979 1644 3048 1709 th

2301 1807 2586 1863 ensaurst
2631 1797 2697 1862 in
2743 1797 2905 1862 caelo
2950 1803 3014 1862 et

2127 1943 2209 2006 22
2301 1948 2454 2015 ueni
2495 1949 2700 2031 seq're
2742 1968 2844 2013 me
2889 1946 3048 2012 Cum

2097 2032 2165 2070 mt
2191 2027 2267 2069 196

2095 2078 2268 2172 mr²109
2303 2100 2597 2167 audisset
2639 2105 2791 2165 autc}
2837 2098 2967 2166 adu

2092 2179 2240 2223 10220

2124 2702 2207 2766 23

2125 3464 2210 3528 24

2045 4188 2201 4281 '25

2297 2252 2537 2318 liscens
2582 2250 2853 2318 uerbum
2897 2248 3008 2314 abi

2298 2404 2350 2468 it
2393 2402 2602 2469 tristis
2648 2408 2793 2468 erat
2836 2413 2943 2467 eni

2301 2555 2552 2622 habeus
2594 2554 2832 2620 multas
2876 2571 2998 2636 pos

2296 2705 2642 2772 sessiones·
2672 2704 2774 2770 ihs
2820 2708 2971 2770 aute

2297 2856 2468 2924 dixit
2514 2855 2855 2939 discipulis
2898 2853 3036 2919 suis

2213 3086 2218 3091 ¹
2298 3029 2488 3075 amen
2535 3007 2683 3073 dico
2729 3005 2919 3072 uobis
2964 3003 3122 3087 qvia

2300 3142 2498 3226 diues·
2531 3146 2776 3225 dificile
2822 3158 2995 3223 intra

2297 3310 2394 3376 bit
2437 3310 2502 3375 in
2550 3320 2758 3394 regnu
2804 3307 3044 3374 oaeloru

2295 3469 2361 3527 et
2406 3460 2635 3527 iterum
2689 3459 2837 3526 dico
2881 3457 3069 3524 uobis

2298 3613 2452 3696 quia
2496 3611 2756 3678 facilius
2803 3616 2902 3676 est
2947 3630 3028 3675 ca

2300 3765 2499 3829 mellu
2536 3783 2655 3847 per
2699 3763 2992 3829 foramen

2296 3936 2450 3982 acus
2497 3915 2778 3982 transire
2824 3925 2950 3996 qua
2994 3911 3064 3977 di

2295 4067 2427 4132 uite
2472 4066 2717 4133 intrare
2765 4064 2828 4130 in
2877 4085 2995 4150 reg

2293 4229 2380 4282 nu
2426 4218 2730 4284 oaelorum
2774 4218 3017 4284 auditis

2294 4375 2509 4434 autem
2555 4368 2659 4433 his
2704 4369 3011 4453 discipuli

2297 4519 2702 4619 mirabantur
2745 4520 2939 4590 ualde

2464 4673 2757 4740 dicentes
