3634 5717
336 679 455 766 Fol
508 681 627 746 159

374 2565 450 2628 21

376 3779 466 3845 23

344 4241 389 4286 io
413 4240 465 4284 40

344 4348 414 4388 mt
421 4293 489 4388 118

543 880 668 946 nisi
725 878 896 964 quod
943 879 1184 948 uiderit
1226 900 1314 965 pa

540 1040 640 1100 tre
684 1034 968 1100 faciente
1013 1052 1182 1116 quae
1297 1073 1305 1080 ·

541 1187 682 1270 efiq'
729 1198 838 1251 eni
884 1186 996 1251 ille
1040 1186 1218 1252 feeer

543 1339 595 1404 it
638 1338 806 1404 haee
850 1343 917 1402 et
959 1283 1134 1403 filius
1177 1337 1232 1402 si

542 1492 785 1558 militer
831 1488 989 1557 facit
1035 1497 1149 1573 pat

543 1666 613 1711 er
655 1655 762 1712 eni
810 1642 1149 1726 dililigitfl]
1196 1643 1237 1708 fi

543 1797 636 1861 lifl
682 1803 749 1864 et
791 1795 950 1861 (mia
993 1795 1077 1861 de
1117 1815 1222 1860 mo

542 1957 754 2017 nstrat
798 1951 860 2014 ei
907 1968 1076 2032 quae
1118 1949 1187 2032 ip

542 2122 614 2168 se
661 2101 819 2167 facit
863 2109 929 2166 et
971 2101 1226 2167 maiora

542 2255 646 2320 his
690 2253 1168 2322 demonstrauit

545 2428 745 2492 opera
789 2414 860 2472 ut
904 2425 1024 2472 nos
1056 2407 1156 2471 mi

542 2560 778 2626 remini
821 2560 992 2625 sieut
1036 2570 1142 2625 eni
1210 2508 1228 2518 ξ

546 2721 734 2796 pater
776 2711 1051 2778 svscitat
1097 2731 1237 2777 mor

544 2873 687 2930 tuos
733 2873 801 2930 et
844 2863 1139 2930 niuifieat

544 3018 640 3083 sie
684 3024 751 3083 et
793 3017 968 3083 filius
1013 3037 1173 3100 qvos

546 3171 685 3235 uvlt
729 3169 1022 3235 uiuifieat
1067 3170 1211 3252 neq’

544 3322 715 3387 enim
765 3328 952 3406 pater
996 3320 1135 3388 iudi

545 3482 652 3540 eat
694 3480 1015 3558 queqvam
1063 3473 1181 3538 sed

548 3625 794 3693 iudioifi
840 3631 1032 3692 omne
1079 3625 1118 3689 fi

553 3779 643 3844 lio
689 3778 874 3845 dedit
915 3784 987 3844 ut
1033 3798 1182 3845 omn

550 3952 622 3998 es
667 3930 1101 3997 honorificent
1142 3932 1185 3996 fi

549 4083 708 4148 lium
755 4083 925 4149 sicvt
967 4082 1201 4194 henori

551 4236 752 4302 fleant
796 4241 982 4320 patre
1028 4233 1152 4313 Qui

344 4408 417 4439 1¹²¹·
441 4396 492 4439 9⁸
552 4409 680 4455 non
729 4387 1046 4454 honorifie

344 4447 388 4490 le
414 4446 489 4489 111

960 4545 1028 4603 at

1413 677 1613 743 iohafi
1659 676 1710 742 C
1752 679 1816 743 5-

1710 1379 1775 1421 sol

1693 2111 1778 2176 25

1693 3015 1777 3079 26

1697 3622 1776 3686 27

1696 4086 1778 4150 28

1863 879 2004 944 filio
2051 900 2180 944 non
2228 877 2618 945 honorifieat

1865 1038 2051 1116 patre
2096 1032 2205 1115 qui
2252 1031 2433 1098 misit
2477 1030 2520 1094 il

1864 1184 1933 1248 lfi
1984 1189 2193 1250 Amen
2235 1205 2430 1264 amen
2476 1183 2544 1248 di

1867 1354 1944 1400 eo
1991 1336 2178 1402 uobis
2224 1336 2383 1420 quia
2428 1338 2541 1420 qui

1866 1489 2136 1554 uerbum
2182 1490 2329 1555 mefi
2377 1489 2563 1555 audit
2611 1491 2711 1562 ha,

1866 1641 1976 1706 bet
2019 1641 2221 1706 uitam
2270 1647 2538 1714 aeternio.
2584 1649 2649 1706 et

1864 1792 1929 1857 in
1978 1792 2288 1858 iudieivm
2330 1814 2458 1860 non
2506 1794 2689 1859 uenit

1864 1944 1980 2009 .-·ed
2026 1945 2305 2011 transiet
2347 1945 2431 2010 de
2476 1967 2617 2012 mor

1866 2106 1931 2163 te
1975 2097 2060 2163 ad
2106 2097 2310 2163 uitam
2356 2119 2545 2165 amen
2594 2121 2698 2166 am

1866 2270 1945 2314 en
1993 2247 2142 2315 dieo
2188 2250 2377 2316 uobis
2424 2250 2577 2334 quia
2650 2291 2659 2298 -

1865 2401 2049 2467 uenit
2089 2401 2253 2468 hora
2296 2413 2362 2468 et
2408 2423 2579 2469 nune

1866 2561 1967 2620 est
2014 2553 2276 2637 quando
2329 2554 2566 2621 mortui

1866 2706 2137 2772 audient
2180 2726 2407 2774 uoeem
2451 2709 2545 2773 fili

1865 2859 1932 2925 di
1981 2867 2048 2926 et
2091 2860 2200 2942 qui
2247 2859 2579 2926 audierint
2624 2862 2689 2926 ui

1864 3021 2020 3078 uent
2061 3013 2232 3078 sieut
2275 3025 2382 3079 eni
2426 3023 2615 3097 pater

1865 3165 2065 3232 habet
2112 3167 2249 3232 nita
2293 3166 2359 3231 in
2406 3172 2618 3231 semet

1867 3317 2011 3401 ipso
2056 3317 2154 3383 sie
2198 3316 2384 3383 dedit
2429 3324 2496 3382 et
2540 3319 2579 3382 fi
2688 3345 2697 3354 ·

1869 3469 1957 3533 lio
2004 3469 2142 3534 uitii
2184 3467 2427 3534 habere
2474 3469 2541 3534 in

1868 3627 2076 3686 semet
2119 3620 2263 3704 ipso
2310 3625 2376 3685 et
2421 3627 2609 3703 potes
2737 3672 2741 3676 .

1872 3779 2071 3837 tatem
2116 3770 2303 3838 dedit
2345 3771 2405 3837 ei
2454 3778 2521 3837 et
2562 3772 2631 3836 iu

1873 3924 2048 3991 dieifi
2099 3926 2316 3991 faeere
2355 3926 2511 4008 quia

1868 4076 2041 4144 filius
2090 4076 2372 4144 hominis
2418 4086 2520 4144 est
2564 4099 2647 4143 no

1871 4230 1987 4296 lite
2027 4231 2268 4296 mirare
2317 4230 2443 4296 hoe
2482 4248 2565 4313 qv

1870 4383 1938 4449 ia
1978 4384 2160 4449 uenit
2204 4381 2367 4448 hora
2409 4383 2472 4445 in
2521 4401 2650 4464 qua

2758 676 2881 741 317
