3634 5717
747 690 830 756 52

775 1650 859 1715 26

780 3017 863 3081 28

777 3474 862 3538 29

779 4387 864 4453 30

740 4476 807 4515 mt
832 4471 907 4514 124

738 4574 886 4668 {wlff
948 4558 1073 4603 non
1121 4544 1221 4602 est
1265 4539 1448 4602 meet]
1498 4545 1725 4603 eontra

757 4636 781 4667 c

954 911 1146 957 omne
1192 891 1400 974 reguli
1447 888 1666 956 diuisui

955 1048 1185 1109 eontra
1228 1061 1300 1107 se
1345 1039 1640 1107 desolabi

954 1201 1056 1260 tur
1100 1201 1165 1261 et
1209 1195 1421 1260 omnis
1468 1193 1701 1260 ciuitas

951 1347 1057 1412 nel
1103 1346 1332 1412 domus
1378 1345 1595 1411 diuisa
1639 1365 1760 1409 eon

952 1505 1055 1564 tra
1094 1518 1168 1564 se
1206 1519 1335 1564 non

943 1648 1146 1715 stabit
1189 1654 1255 1714 et
1298 1648 1354 1713 si
1399 1614 1667 1714 eatanas

949 1806 1229 1867 satanan
1277 1799 1431 1865 eicit
1476 1798 1680 1866 aduer

950 1970 1059 2017 sus
1103 1971 1176 2017 se
1220 1951 1470 2018 diuisus
1516 1957 1617 2018 est

844 2173 851 2180 ,
950 2103 1272 2187 quomodo
1320 2123 1478 2187 ergo
1523 2110 1627 2168 sta

781 2259 861 2324 27

951 2259 1048 2323 bit
1091 2256 1301 2340 reguli
1349 2255 1487 2320 eius
1534 2262 1600 2320 et
1643 2254 1700 2320 si

886 2385 901 2398 '
946 2428 1071 2493 ego
1118 2408 1184 2473 in
1230 2408 1735 2502 belzebul-eicio
1851 2460 1860 2467 .

945 2560 1266 2627 daemone⁸
1306 2560 1426 2625 filii
1473 2560 1673 2625 uestri
1719 2559 1786 2624 in

928 2732 1070 2799 ,quo
1116 2711 1360 2777 eiciunt
1405 2710 1555 2777 ideo
1606 2711 1734 2795 ipsi

943 2861 1196 2929 iudices
1235 2869 1422 2928 erunt
1460 2863 1661 2930 uestri

951 3016 1008 3081 si
1055 3022 1205 3081 ante
1251 3036 1376 3100 ego
1422 3015 1488 3080 in
1537 3015 1661 3098 spfi
1708 3014 1776 3079 di

946 3167 1113 3235 eicio
1159 3166 1473 3233 demones
1521 3167 1722 3252 igitur

946 3319 1249 3404 peruenit
1291 3318 1358 3384 in
1407 3338 1524 3385 uos
1569 3341 1688 3405 reg

950 3492 1100 3537 num
1148 3472 1215 3537 di
1262 3479 1375 3538 aut
1415 3473 1738 3555 quomodo

943 3631 1160 3711 potest
1204 3627 1478 3711 quisque
1523 3625 1696 3692 intra

943 3799 1013 3845 re
1058 3779 1121 3844 in
1170 3780 1365 3845 domii
1412 3777 1599 3844 fortis
1645 3786 1711 3843 et

945 3951 1107 3997 uasa
1150 3932 1288 3996 eius
1335 3930 1624 4014 diripere

946 4081 1070 4145 nisi
1120 4081 1298 4164 prius
1344 4079 1722 4164 alligauerit

944 4233 1109 4298 forte
1157 4239 1224 4298 et
1267 4239 1419 4297 tune
1461 4232 1655 4298 domis

950 4384 1127 4449 illius
1174 4383 1443 4468 diripiet
1487 4384 1609 4462 Qui

1873 687 2059 752 Mtc
2108 689 2188 754 12

2287 908 2391 954 me
2435 895 2538 956 est
2583 895 2648 954 et
2690 888 2800 973 qui
2846 910 2976 956 non

2287 1047 2606 1126 adgregat
2650 1049 2833 1109 meeir

2113 1195 2188 1259 31
2284 1193 2542 1276 spargit
2586 1192 2736 1260 ideo
2774 1192 2923 1259 dieo

2280 1343 2467 1410 nobis
2508 1365 2700 1411 omne
2746 1364 2869 1430 pee

2276 1497 2427 1561 eatfi
2475 1503 2541 1563 et
2583 1496 2860 1581 blasphe

2279 1625 2414 1713 mia
2456 1648 2823 1715 remittetur

2279 1800 2590 1866 hominib'
2633 1805 2748 1885 spe
2793 1819 2877 1865 au

2278 1959 2342 2018 te
2388 1952 2831 2037 blasphemia⁰
2876 1971 3007 2016 non

2107 2105 2191 2169 32
2278 2104 2643 2172 remittetur
2689 2111 2755 2172 et
2798 2103 2908 2188 qvi

2274 2257 2417 2340 οὖς’
2457 2256 2700 2324 dixerit
2742 2256 2942 2323 uerbi(

2249 2416 2508 2477 ,eontra
2551 2409 2692 2474 filifl
2740 2409 2916 2475 homi

2275 2562 2381 2628 nis
2427 2562 2792 2629 remittetur
2836 2561 2897 2628 ei

2279 2715 2388 2798 qui
2435 2721 2584 2782 aute
2633 2713 2875 2780 dixerit

2278 2873 2508 2933 eontra
2551 2876 2691 2951 spffi
2730 2877 2865 2931 θαι-11

2281 3039 2408 3084 non
2454 3019 2817 3086 remittetur

2274 3170 2335 3236 ei
2384 3172 2527 3254 neq'
2573 3171 2638 3235 in
2686 3171 2810 3236 hoe
2854 3190 3029 3235 saeeu

2273 3325 2338 3389 lo
2385 3324 2529 3406 neq'
2575 3323 2641 3387 in
2690 3324 2905 3389 futuro

2115 3477 2198 3541 33
2283 3477 2414 3542 Aut
2458 3476 2657 3543 facite
2703 3474 2861 3541 arbo

2069 3567 2137 3606 rnt
2162 3562 2240 3605 125

2119 3614 2170 3656 ¹⁰
2270 3641 2340 3694 re
2386 3629 2558 3694 bona
2602 3634 2668 3694 et
2710 3627 2848 3693 fruc

2270 3783 2339 3846 tsi
2387 3782 2527 3847 eius
2571 3781 2765 3846 bonfi·
2793 3786 2906 3845 ant

2272 3934 2470 4000 facite
2515 3933 2745 3999 arbore
2795 3953 2904 4035 me

2270 4085 2337 4152 le
2378 4094 2445 4153 et
2489 4086 2699 4152 fruetfi
2747 4086 2887 4151 eius

2271 4238 2449 4303 malli
2495 4239 2552 4304 si
2598 4236 2791 4321 quide
2838 4257 2921 4302 ex
3043 4294 3050 4300 .

2274 4389 2483 4456 fructu
2530 4389 2721 4484 arbor
2766 4404 2876 4472 ‹rg-

2102 4542 2188 4605 34
2276 4542 2562 4608 noseitur
2607 4561 2812 4625 proge
