3634 5717
350 632 464 697 Fol
522 633 640 697 148

387 992 470 1054 29

392 1906 483 1969 3Ο

563 833 755 899 finxit
798 854 871 900 se
917 835 1180 919 longius

564 988 658 1052 ire
703 993 769 1052 et
814 996 1171 1073 coegerunt

561 1139 680 1205 illfi
729 1140 1024 1208 dieentes
1066 1161 1173 1209 ma

564 1314 645 1359 ne
691 1293 962 1360 nobisou
1008 1306 1135 1378 quo
1176 1295 1260 1361 ad

565 1446 971 1530 uesperascit
1017 1453 1082 1513 et
1128 1448 1193 1513 in

565 1599 812 1666 olinata
856 1607 966 1677 est.
1004 1601 1133 1666 iam
1180 1600 1248 1666 di

569 1774 639 1818 es
685 1760 750 1819 et
796 1754 1067 1819 intrabit
1108 1765 1189 1820 eu
1236 1754 1280 1819 il

571 1905 652 1970 lis
698 1914 762 1970 et
809 1906 984 1972 saotfi
1031 1914 1131 1972 est
1175 1908 1258 1972 dv

568 2059 972 2126 recumberet
1016 2062 1091 2125 ei·

571 2211 704 2277 inis
749 2212 1004 2297 aceepit
1050 2221 1220 2297 pane

566 2374 632 2431 et
674 2365 1013 2432 benedixit
1055 2387 1135 2432 ae
1175 2368 1270 2432 fre

458 2602 468 2614 .
567 2520 666 2604 git
709 2526 777 2586 et
822 2518 1201 2604 porrigebat

393 2673 466 2735 31

397 3236 482 3347 32

565 2674 697 2739 inis
743 2681 809 2741 et
855 2675 1067 2759 aperti
1113 2682 1264 2751 sunt

565 2826 735 2893 oculi
782 2830 938 2894 eorfi
985 2835 1050 2895 et
1093 2850 1219 2912 cog
1345 2826 1349 2830 ’

566 2980 886 3048 nonerunt
930 2983 1010 3047 eti
1059 2989 1123 3046 et

567 3135 709 3219 ipse
753 3136 1021 3201 euanuit
1066 3155 1149 3200 ex
1193 3157 1230 3198 o

567 3289 729 3354 culis
777 3299 933 3354 eoru
980 3296 1046 3355 et
1089 3288 1202 3353 dix

568 3422 757 3509 erunt
799 3442 884 3508 ad
933 3441 1144 3507 inuiee

570 3617 783 3662 nonne
829 3616 938 3661 eor
985 3582 1203 3660 nosssrv

568 3749 807 3816 ardens
853 3755 995 3813 erat
1038 3747 1104 3813 in
1155 3769 1236 3812 no

570 3902 669 3966 bis
710 3900 799 3966 dfi
845 3900 1149 3984 loq'retur

570 4055 636 4119 in
679 4054 792 4121 uia
832 4059 900 4121 et
944 4052 1234 4137 aperiret
1345 4071 1352 4080 ·

570 4208 758 4275 nobis
803 4206 1161 4292 scripturas

571 4369 637 4429 et
679 4367 1023 4447 surgentes
1070 4380 1151 4426 ea

568 4515 717 4583 dem
764 4514 928 4580 bora
966 4532 1190 4598 regres

571 4669 629 4736 si
674 4676 827 4736 sunt
871 4669 936 4734 in
985 4667 1248 4734 hierusa

571 4808 632 4871 le
681 4814 746 4872 et
788 4792 1179 4872 inuenerunt

1465 635 1556 699 Le
1610 634 1789 698 024

1708 1144 1794 1208 34

1707 1604 1792 1668 35

1706 3289 1787 3352 37
1832 3246 1839 3247 f

1712 3749 1795 3814 38

1713 4514 1796 4577 39

1882 842 2320 919 congregatos
2366 855 2449 901 uu

1885 987 2096 1055 decim
2143 995 2209 1054 et
2254 1009 2367 1055 eos
2414 988 2523 1071 qui

1884 1143 1964 1207 eu
2012 1141 2145 1207 illis
2191 1152 2382 1208 erant
2427 1140 2617 1207 dicen

1883 1303 1982 1360 tes
2030 1293 2201 1377 quod
2247 1314 2475 1361 surrex

1884 1447 1933 1513 it
1977 1447 2101 1513 dns
2145 1468 2299 1514 uere
2347 1454 2411 1512 et
2458 1469 2542 1532 ap

1885 1600 2105 1685 paruit
2149 1600 2386 1666 simoni
2434 1606 2500 1666 et

1880 1753 2007 1837 ipsi
2056 1753 2413 1820 narrabant
2458 1774 2600 1836 quae

1878 1914 2073 1990 gesta
2119 1914 2306 1972 erant
2346 1907 2410 1972 in
2460 1908 2572 1973 uia

1878 2067 1945 2127 et
1990 2060 2314 2144 quomodo
2359 2082 2484 2145 cog

1879 2221 2203 2279 nonerunt
2248 2214 2329 2280 efi
2375 2181 2441 2279 in

1879 2366 2199 2433 fractione
2244 2366 2436 2452 panis

1880 2521 2049 2586 Dum
2100 2520 2263 2587 haee
2307 2526 2459 2587 aute
2506 2521 2569 2584 lo

1881 2674 2161 2758 q'rentur
2204 2673 2308 2739 ih&
2353 2674 2536 2739 stetit

1881 2829 1947 2894 in
1995 2827 2211 2893 medio
2255 2783 2430 2894 eoru.

1879 2989 1945 3048 et
1984 2980 2146 3047 dicit
2191 2981 2287 3048 eis
2333 3002 2464 3067 pax
2498 2979 2694 3046 ‘uobis

1883 3156 2007 3218 ego
2054 3136 2130 3199 su
2179 3133 2382 3201 nolite
2427 3134 2585 3199 time

1879 3309 1948 3355 re
1994 3288 2361 3354 conturbati
2407 3307 2487 3353 ue

1882 3462 1953 3507 ro
2000 3447 2065 3506 et
2109 3439 2444 3506 conterriti

1885 3593 2353 3659 existimabant
2397 3612 2468 3658 se

1885 3757 2023 3831 spiri
2070 3745 2296 3811 uidere
2342 3752 2407 3810 et
2453 3743 2567 3809 dix

1876 3902 1932 3965 it
1975 3900 2071 3966 eis
2117 3897 2273 3983 quid
2320 3896 2559 3964 turbati

1881 4054 2040 4120 estis
2087 4059 2153 4118 et
2191 4072 2392 4136 quare
2438 4073 2513 4118 oo

1883 4206 2240 4292 gitationes
2286 4207 2480 4271 ascen

1884 4359 2121 4427 derunt
2160 4359 2225 4425 in
2272 4357 2515 4425 eordib’

1884 4511 2120 4579 uestris
2167 4510 2387 4577 uidete
2431 4531 2541 4575 ma

1886 4686 2006 4732 nus
2053 4684 2234 4739 meas
2280 4670 2347 4731 et
2392 4663 2593 4747 pedes

1886 4804 2041 4885 quia
2084 4802 2227 4885 ipse
2272 4822 2397 4884 ego
2442 4820 2581 4865 sum

2782 635 2908 699 293
