3634 5717
814 657 939 723 110

848 857 928 922 72

844 1316 927 1381 73

849 2238 932 2302 74

848 2851 932 2915 75

810 2939 880 2980 mt
904 2934 982 2979 317

1867 656 1960 720 Mt
2004 651 2055 719 C
2098 653 2182 719 26
2224 655 2305 719 27

1016 876 1161 922 enm
1207 856 1321 921 ihfi
1367 877 1693 923 nazareno
1740 863 1806 923 et

1014 1009 1185 1076 iterfi
1233 1009 1503 1093 negauit
1544 1029 1687 1075 eum
1735 1009 1802 1075 iu

1015 1169 1310 1229 ramento
1356 1164 1511 1245 quia
1555 1184 1685 1229 non
1725 1183 1808 1228 no

1012 1316 1081 1381 ui
1124 1315 1390 1383 homine
1435 1323 1501 1381 et
1543 1323 1694 1400 post
1737 1337 1826 1400 pv

1013 1468 1232 1535 sillum
1280 1476 1696 1536 accesserunt

1015 1622 1125 1705 qui
1168 1622 1436 1688 stabant
1479 1629 1545 1688 et
1589 1622 1896 1689 dixerunt

1013 1782 1201 1859 petro
1244 1794 1399 1841 uere
1444 1783 1510 1840 et
1553 1782 1621 1841 tu
1666 1796 1748 1842 ex
1793 1775 1927 1842 illis

1015 1947 1085 1993 es
1134 1948 1282 1993 nam
1331 1934 1396 1994 et
1434 1929 1722 2011 loquella
1767 1935 1881 1994 tua

1017 2081 1434 2147 manifestum
1481 2088 1547 2148 te
1592 2082 1752 2148 facit

1016 2240 1170 2299 tune
1214 2235 1433 2319 eoepit
1479 2234 1793 2302 detestari
1917 2255 1928 2265 ·

1020 2393 1087 2452 et
1130 2386 1345 2453 iurare
1391 2387 1544 2471 quia
1593 2409 1718 2454 non
1766 2409 1885 2455 nos

1017 2547 1119 2606 set
1162 2540 1424 2607 homine
1472 2548 1538 2606 et
1581 2542 1756 2607 conti

1018 2713 1145 2758 nuo
1189 2694 1404 2777 gallus
1450 2693 1743 2759 eontauit

1020 2846 1103 2910 Et
1148 2846 1525 2912 reeordatus
1573 2854 1673 2913 est
1712 2868 1794 2932 pe

810 2988 984 3081 mr²197
1020 3005 1155 3064 trus
1203 2998 1381 3064 uerbi
1429 3000 1542 3064 ihfl
1591 3000 1771 3083 quod

811 3089 958 3131 10293

810 3750 971 3817 027

812 3842 881 3882 mt
905 3839 981 3881 318

808 3890 981 4035 ἓξὲξ-Ρ

883 4427 924 4488 2

809 4511 980 4604 mt1319

808 4613 982 4705 {2‘33099

808 4714 852 4757 io
878 4714 954 4757 177

1018 3149 1278 3217 dixerat
1322 3152 1477 3234 qnia
1527 3152 1707 3236 prius
1753 3159 1880 3236 qui}

1017 3304 1233 3388 gallus
1279 3311 1499 3370 eantet
1542 3312 1640 3371 ter
1685 3327 1788 3373 me
1909 3314 1912 3317 ’

1016 3457 1292 3541 negabis
1336 3464 1403 3524 et
1447 3479 1750 3542 egressus

1017 3610 1421 3678 foras-fleuit
1465 3633 1687 3679 amare

1020 3763 1210 3831 Mane
1255 3771 1405 3830 aute
1452 3765 1624 3831 faeto
1670 3787 1792 3832 eon

1016 3918 1169 3983 silifi
1218 3917 1503 3985 inierunt
1549 3938 1775 3985 omnes

1015 4070 1347 4154 principes
1390 4070 1733 4136 sacerdot&

1016 4231 1082 4287 et
1124 4223 1416 4289 seniores
1463 4208 1688 4307 popuii
1736 4224 1818 4290 ad
1859 4220 1886 4227 ⁶

1019 4395 1242 4441 uersus
1292 4375 1421 4439 ihfn
1468 4384 1540 4440 ut
1584 4396 1730 4441 eum

1016 4527 1206 4591 morti
1253 4527 1589 4594 traderent
1636 4530 1718 4593 Et

1015 4679 1238 4745 uinetfi
1285 4678 1698 4747 adduxerunt

2122 1248 2192 1289 mt
2214 1248 2294 1291 320

2172 1298 2224 1340 10

2330 877 2475 922 eum
2523 863 2589 923 et
2628 853 3044 922 tradiderunt

2327 1009 2554 1094 pontio
2597 1009 2805 1093 pilato
2852 1007 3119 1092 praesidi

2328 1164 2514 1229 Tune
2554 1163 2791 1229 uidens
2838 1161 3026 1228 iudas
3071 1163 3184 1246 qvi

2328 1336 2474 1382 eum
2520 1315 2795 1382 tradidit
2838 1314 3012 1399 quod

2326 1468 2673 1535 damnatus
2718 1476 2891 1535 esset
2934 1488 3039 1553 pae

2326 1621 2608 1687 nitentia
2651 1622 2885 1687 duetus
2929 1628 3073 1688 retv

2328 1775 2405 1840 lit
2449 1790 2599 1840 xxx
2644 1781 2994 1859 argenteos
3038 1774 3190 1859 prin

2328 1927 2521 2013 eipib'
2563 1928 2976 1994 sacerdotum
3021 1934 3087 1992 et

2328 2081 2634 2148 seniorib'
2679 2079 2904 2147 dieens
2951 2100 3073 2165 pee

2329 2234 2477 2302 eaui
2515 2235 2784 2301 tradens
2828 2233 3069 2319 sangui

2330 2396 2412 2455 ne
2461 2388 2699 2455 iustum
2745 2395 2815 2454 at
2859 2387 2956 2452 illi
3003 2386 3161 2452 dixe

2329 2550 2477 2609 runt
2522 2541 2679 2626 quid
2723 2541 2810 2607 ad
2856 2560 2974 2606 nos
3018 2547 3088 2607 tu
3132 2541 3201 2606 ui

2328 2694 2504 2762 deris
2549 2702 2615 2761 et
2658 2693 2969 2780 proiectis
3016 2715 3091 2760 ar

2332 2848 2588 2933 genteis
2636 2847 2700 2912 in
2745 2848 2993 2932 templo
3038 2867 3110 2914 se

2331 3001 2529 3068 eessit
2573 3000 2800 3068 abiens
2844 3002 3081 3085 laqueo

2328 3174 2400 3221 se
2444 3153 2789 3239 suspendit
2835 3154 3046 3238 prinei

2331 3328 2447 3392 pes
2492 3307 2840 3373 sacerdotii
2886 3326 3086 3391 accep

2331 3461 2415 3525 tis
2462 3460 2794 3544 argenteis
2841 3459 3147 3525 dixerunt

2330 3632 2457 3678 non
2505 3612 2660 3679 lieet
2705 3633 2816 3679 eos
2863 3611 3047 3678 mitte

2329 3787 2401 3834 re
2446 3766 2797 3875 iubeorban
2845 3765 3000 3850 quia
3043 3786 3182 3850 prae

2328 3920 2426 3984 tifi
2473 3920 2816 4004 sanguinis
2863 3927 2963 3985 est
3006 3940 3129 3985 eon

2331 4074 2480 4138 silio
2526 4080 2677 4143 aute
2723 4073 2886 4138 inito
2932 4094 3077 4139 eme

2328 4232 2479 4291 runt
2524 4247 2606 4292 ex
2650 4226 2782 4291 illis
2828 4227 2993 4310 agi-fi
3034 4225 3170 4309 figv

2331 4377 2377 4442 li
2424 4378 2489 4443 in
2536 4379 2872 4463 sepultura}⁴
2915 4399 3072 4462 pere

2327 4531 2597 4614 grinorfi
2645 4538 2916 4616 propter
2960 4531 3084 4596 hoe

2497 4690 2766 4750 uoeatus
2813 4692 2913 4751 est
