3634 5717
723 624 848 689 104

767 2652 846 2717 10

764 3261 836 3324 11

686 3688 841 3781 '12

764 4316 844 4381 13

928 823 1120 890 domo
1166 823 1437 888 simonis
1485 823 1669 906 lepro

927 977 984 1041 si
1031 974 1309 1041 accessit
1354 973 1439 1040 ad
1485 995 1631 1040 eum
1678 995 1786 1039 mv

928 1128 1050 1193 lier
1094 1127 1344 1193 habens
1391 1127 1727 1192 alabastri
1788 1188 1791 1193 .

927 1280 1240 1367 unquenti
1286 1279 1577 1363 praetiosi
1622 1286 1687 1344 et

929 1431 1159 1499 effudit
1202 1452 1401 1516 super
1444 1437 1642 1531 caput

929 1583 1070 1650 eius
1115 1583 1528 1648 recumbente
1574 1583 1643 1667 ip

930 1755 1002 1800 so
1050 1734 1349 1800 uidentes
1395 1742 1544 1800 aute
1593 1734 1695 1800 dis

929 1887 1131 1971 cipuli
1178 1886 1504 1970 indignati
1551 1893 1703 1952 sunt

928 2039 1221 2104 dicentes
1264 2044 1335 2103 ut
1377 2038 1532 2121 quid
1579 2060 1696 2123 per

930 2191 1093 2257 ditio
1142 2191 1308 2257 haec
1352 2190 1563 2274 potuit
1608 2203 1716 2256 eni

904 2374 911 2379 ·
931 2342 1104 2409 istud
1149 2343 1512 2409 uenundari
1560 2363 1694 2427 prae

929 2496 1020 2561 tio
1069 2496 1269 2562 multo
1316 2503 1382 2562 et
1425 2495 1569 2561 dari
1614 2516 1744 2580 pav

932 2648 1132 2732 perib'
1178 2647 1392 2713 sciens
1438 2654 1588 2713 aute

931 2761 1035 2865 ihs
1082 2800 1175 2865 ait
1217 2800 1351 2864 inis
1398 2799 1555 2883 quid
1602 2801 1774 2886 mon]

932 2952 1188 3017 molesti
1237 2952 1393 3017 estis
1439 2952 1696 3017 mvlieri

931 3123 1096 3186 opus
1138 3103 1315 3167 bonu
1362 3111 1637 3188 operata

931 3261 1032 3319 est
1075 3254 1141 3319 in
1189 3275 1292 3321 me
1336 3277 1487 3321 nam
1533 3276 1794 3341 semper

931 3426 1252 3492 pauperes
1299 3408 1554 3475 habetis
1601 3429 1683 3475 uo

928 3558 1113 3624 biscu
1159 3581 1262 3627 me
1307 3568 1456 3628 aute
1502 3582 1633 3627 non
1678 3569 1750 3627 se

930 3731 1047 3794 per
1094 3711 1419 3778 habebitis
1465 3714 1583 3778 mit
1698 3808 1701 3809 γ

929 3869 1074 3928 tens
1120 3865 1294 3929 enim
1338 3864 1481 3930 haec
1523 3885 1785 3948 unguen

930 4016 1001 4080 tfi
1044 4015 1170 4080 hoc
1211 4015 1279 4080 in
1327 4036 1560 4101 corpus
1607 4037 1709 4082 me

930 4177 972 4229 u
1021 4166 1106 4232 ad
1153 4166 1541 4251 sepeliendu
1586 4189 1690 4235 me

933 4318 1089 4384 fecit
1133 4339 1322 4386 amen
1371 4319 1517 4386 dico
1560 4340 1641 4385 uo

935 4471 1034 4536 bis
1077 4472 1332 4555 ubicuq'
1379 4473 1668 4557 praedica

1103 4631 1171 4688 tu
1220 4625 1414 4691 fuerit

1828 621 2015 687 Mtc
2059 620 2143 686 26

2073 1441 2153 1504 14

2075 2034 2155 2099 15

2076 2799 2154 2863 16

2077 3257 2151 3320 17

2078 4019 2154 4083 18

2237 822 2363 887 hoc
2406 819 2758 902 euangelii]
2805 818 2872 882 in
2919 825 2988 882 to

2237 982 2303 1039 to
2352 972 2593 1039 mundo
2641 943 2894 1036 dicetur

2223 1134 2305 1192 »et
2348 1124 2520 1210 quod
2566 1125 2732 1191 haec
2775 1123 2932 1189 fecit

2239 1278 2305 1343 in
2355 1278 2670 1344 memoria
2714 1277 2854 1342 eius

2237 1438 2392 1497 tunc
2437 1430 2600 1496 abiit
2641 1449 2808 1495 unus
2853 1427 2938 1494 de

2240 1581 2517 1648 duodeci
2561 1583 2670 1666 qui
2716 1581 2954 1647 dicitur

2237 1733 2432 1801 iudas
2477 1733 2767 1800 scarioth
2809 1733 2892 1800 ad

2240 1887 2574 1972 principes
2621 1886 2895 1954 sacerdo

2241 2044 2314 2104 tu
2358 2046 2422 2104 et
2468 2039 2561 2105 ait
2606 2039 2738 2104 illis
2784 2037 2940 2121 quid

2243 2190 2441 2256 uultis
2487 2192 2853 2257 mihidare
2899 2197 2966 2256 et

2241 2363 2366 2425 ego
2411 2343 2597 2409 uobis
2643 2355 2725 2411 eu
2771 2344 2963 2409 trada

2240 2501 2311 2561 at
2354 2495 2453 2560 illi
2498 2496 2820 2562 constitue

2240 2656 2391 2713 runt
2436 2648 2497 2714 ei
2542 2649 2832 2733 trigenta
2876 2655 3234 2733 argenteos

2241 2807 2308 2869 et
2353 2800 2593 2869 exinde
2638 2801 2972 2884 quaerebat

2244 2936 2688 3037 oportunitate
2734 2960 2804 3019 ut
2963 2908 2972 2915 -

2243 3125 2387 3172 eum
2433 3104 2724 3172 traderet
2767 3106 2864 3173 eis

2240 3257 2462 3323 Prima
2502 3264 2653 3324 aute
2698 3257 2807 3324 die
2853 3279 2896 3324 a

2240 3410 2488 3476 zimorn
2533 3430 2798 3476 accesse

2242 3567 2394 3627 runt
2438 3561 2745 3646 discipuli
2767 3546 2877 3628 'ad

2243 3713 2374 3778 ihu-1
2416 3713 2711 3781 dicentes
2756 3715 2865 3781 ubi

2243 3865 2341 3931 uis
2388 3886 2691 3950 paremve
2731 3866 2850 3932 tibi
2897 3887 2973 3933 co

2243 4017 2506 4086 medere
2551 4019 2802 4103 pascha
2846 4026 2915 4085 at

2246 4170 2348 4235 ihs
2393 4170 2564 4236 di‘xit
2606 4172 2698 4237 ite
2743 4171 2809 4237 in
2857 4172 3060 4238 ciuita

2242 4330 2305 4388 te
2355 4323 2440 4389 ad
2486 4324 2744 4406 quenda
2789 4331 2855 4391 et
2898 4324 2967 4389 di

2244 4476 2373 4542 cite
2417 4477 2480 4544 ei
2525 4475 2841 4559 magister
2885 4476 2953 4542 di

2411 4628 2502 4695 cit
2544 4634 2801 4714 tempus
