3634 5717
410 652 528 717 Fol
578 653 694 718 191

447 1309 526 1373 19

455 3427 535 3493 21

454 4493 537 4557 23

611 854 913 922 extendis
958 873 1189 920 manus

611 1016 759 1075 tuas
804 1014 871 1073 et
914 1005 1084 1074 alius
1129 1012 1195 1072 te
1241 1025 1378 1089 prae

615 1162 839 1246 cinget
882 1165 951 1225 et
994 1157 1191 1224 ducet
1234 1176 1358 1240 qvo

615 1321 685 1378 tu
729 1333 858 1378 non
905 1311 1007 1376 uis
1052 1310 1177 1376 hoc
1220 1329 1303 1376 au

616 1470 681 1529 te
727 1462 898 1528 dixit
938 1460 1324 1546 significans

616 1635 747 1698 qua
790 1620 996 1679 morte
1036 1598 1244 1679 clarifi

618 1774 879 1833 caturus
925 1773 1103 1833 esset
1145 1764 1254 1830 dm
1301 1770 1369 1829 et

619 1921 698 1985 οῦ
744 1919 871 1985 hoc
916 1917 1195 1983 dixisset
1239 1915 1334 1980 ait

623 2071 681 2135 ei
727 2070 932 2153 seq’re
977 2088 1081 2134 me
1124 2087 1247 2132 con

620 2241 846 2288 uersus
890 2224 1115 2305 petrus
1158 2217 1330 2286 uidit

619 2373 738 2439 illfi
783 2372 1113 2458 discipulfi
1160 2377 1286 2455 que

622 2524 965 2619 diligebat
987 2524 1092 2590 ihs
1136 2543 1208 2590 se

623 2644 926 2760 fluentem
974 2676 1082 2759 qui
1127 2684 1194 2742 et

623 2828 919 2896 recubuit
962 2828 1030 2893 in
1071 2849 1237 2895 cena

621 3000 818 3065 super
863 2986 1089 3066 peetus
1135 2978 1275 3046 eius

622 3132 732 3215 qui
777 3132 948 3199 dixit
991 3131 1122 3200 dfie
1167 3131 1313 3215 quis

621 3290 723 3349 est
765 3284 876 3366 qui
919 3283 1139 3352 tradet
1180 3290 1246 3351 te

626 3434 799 3500 hunc
842 3454 1000 3520 ergo
1047 3437 1127 3501 cfr
1171 3434 1345 3502 nidis

627 3593 729 3653 set
775 3592 996 3670 petrus
1040 3586 1203 3654 dicit
1245 3586 1356 3653 ih?

629 3737 756 3804 dfie
802 3737 912 3803 hic
954 3745 1106 3804 aute
1150 3739 1306 3822 qvid

629 3889 791 3956 dicit
833 3889 895 3955 ei
940 3890 1045 3955 ihs
1089 3890 1186 3956 sic
1229 3892 1314 3956 efi

625 4042 775 4108 uolo
822 4061 1089 4107 manere
1134 4040 1219 4108 do

623 4214 746 4260 nec
791 4193 987 4260 ueniti
1032 4193 1187 4278 quid
1233 4192 1320 4259 ad

625 4351 689 4411 te
734 4351 801 4410 tu
848 4365 953 4412 me
996 4365 1265 4430 sequere

626 4503 692 4562 et
736 4495 901 4561 exiit
939 4516 1098 4580 ergo
1141 4496 1250 4560 hic
1293 4514 1400 4562 ser

797 4669 901 4712 mc
950 4649 1123 4733 apud

1459 649 1576 715 Ich
1621 648 1673 715 O
1717 648 1796 715 21

1933 850 2169 917 fratres
2217 849 2374 936 quia
2415 849 2675 935 discipu

1932 1004 2033 1068 lus
2079 1003 2192 1106 ille
2239 1023 2366 1068 non
2412 1004 2684 1069 moritur

1934 1176 2063 1220 non
2112 1155 2283 1221 dixit
2327 1155 2389 1221 ei
2437 1154 2540 1221 ihs
2591 1177 2720 1221 non

1939 1308 2211 1374 moritur
2254 1265 2371 1373 sed
2418 1308 2514 1373 sic
2552 1310 2631 1373 εἴ]

1938 1461 2088 1526 uolo
2136 1480 2401 1525 manere
2448 1459 2656 1526 donec

1765 1612 1850 1677 24
1938 1588 2131 1678 uenio
2178 1610 2334 1694 quid
2380 1612 2466 1677 ad
2512 1620 2576 1678 te
2620 1612 2729 1679 hic
2766 1623 2867 1681 est

1936 1763 2298 1849 discipulus
2344 1765 2458 1849 qui
2502 1766 2656 1831 testi

1939 1917 2227 1983 monium
2273 1916 2576 2002 perbibet

1940 2067 2023 2133 de
2065 2068 2169 2134 his
2215 2074 2282 2133 et
2327 2068 2589 2134 scribsit
2633 2069 2773 2136 haec

1941 2226 2008 2285 et
2050 2219 2293 2285 seimus
2340 2221 2494 2303 quia
2537 2217 2696 2287 u'erfi

1941 2379 2043 2438 est
2084 2372 2226 2440 eius
2266 2371 2647 2440 testimonii

1765 2522 1851 2588 25
1937 2532 2088 2589 sunt
2132 2531 2283 2590 aute
2329 2525 2466 2591 alia
2510 2527 2717 2593 multa

1940 2696 2085 2761 quae
2129 2676 2285 2743 feeit
2328 2675 2431 2741 ihs
2464 2697 2637 2772 ’quae

1940 2828 1998 2895 si
2042 2828 2411 2926 scribantur
2454 2850 2572 2915 per
2615 2831 2715 2897 sin

1941 2983 2100 3065 gula
2134 3001 2257 3048 nec
2301 2980 2451 3065 ἱροῦ
2495 2982 2701 3068 arbitr

1944 3152 2016 3197 or
2060 3132 2369 3198 mundum
2416 3154 2654 3219 capere

1944 3303 2056 3350 eos
2102 3286 2213 3367 qui
2256 3285 2585 3351 scribendi
2625 3296 2775 3353 svnt

1945 3434 2147 3501 libros

2829 652 2949 718 381
