3634 5717
341 666 464 734 ποι
513 667 635 733 129
1251 626 1258 634 ’
1454 666 1548 732 Lo
1591 665 1642 733 c
1691 667 1772 734 14

422 870 458 935 7
547 871 951 955 respondere
998 870 1097 937 illi
1143 870 1308 938 Dice
1699 870 1771 934 11
1865 868 2360 936 discumbentib'
2400 866 2573 946 Quia

344 953 491 1051 1οώῗὸ
550 1024 663 1090 bat
706 1024 767 1090 h'
811 1031 878 1090 et
922 1024 1009 1090 ad
1051 1024 1362 1091 inuitatos
1409 1042 1575 1107 para
1657 954 1831 1102 ἓξὲξ
1865 1023 2076 1089 omnis
2122 1023 2233 1106 qui
2280 1041 2351 1088 se
2396 1022 2649 1089 exaltat

548 1175 701 1243 bola
743 1177 1092 1245 intendens
1140 1198 1266 1261 quo
1863 1176 2316 1243 humiliabitur
2360 1181 2426 1242 et
2475 1177 2581 1260 qui

550 1330 743 1397 modo
789 1331 1036 1416 primos
1081 1331 1310 1398 accubi
1864 1350 1935 1397 se
1978 1328 2285 1396 humiliat
2334 1330 2732 1397 exaltabitur

551 1490 653 1551 tos
700 1484 1025 1569 eligerent
1066 1484 1294 1552 dicens
1657 1485 1806 1614 lo1128⁰
1864 1483 2146 1551 Dicebat
2187 1484 2248 1550 h'
2291 1483 2354 1550 ei
2398 1482 2509 1567 qui
2553 1503 2625 1550 se
2668 1484 2735 1549 in

1709 1619 1762 1664 10

421 1639 461 1703 8
549 1637 635 1704 ad
679 1638 830 1705 illos
875 1659 1020 1705 cum
1064 1636 1380 1703 inuitatus
1861 1637 2193 1705 uitauerat
2234 1639 2314 1703 efi
2361 1637 2526 1704 facis

551 1792 752 1860 fueris
798 1790 886 1857 ad
932 1792 1195 1877 nuptias
1241 1810 1373 1855 uon
1864 1790 2148 1875 prandiii
2195 1797 2308 1858 aut
2351 1803 2535 1857 caena
2578 1811 2663 1856 uo

550 1948 748 2032 nonu]
794 1945 1166 2012 discumbas
1209 1943 1279 2008 in
1326 1919 1429 2028 pri
1864 1943 1911 2008 li
1956 1963 2193 2010 uocare
2238 1943 2484 2011 amicos
2529 1950 2675 2011 tuos

554 2121 659 2166 mo
702 2101 847 2166 loco
890 2118 976 2165 ne
1018 2098 1185 2164 forte
1230 2096 1316 2162 ho
1671 2164 1680 2174 ,
1866 2098 2008 2181 ueq'
2049 2098 2285 2164 fratres
2329 2104 2474 2164 tuos
2520 2120 2603 2164 ne

553 2253 843 2320 noratior
885 2259 952 2318 te
996 2252 1085 2317 sit
1127 2249 1340 2317 inuita
1865 2251 1922 2333 q’
1966 2256 2284 2335 cognatos
2328 2253 2471 2335 ueq'
2517 2251 2645 2318 uici

422 2411 463 2477 9
549 2415 652 2475 tus
699 2407 784 2472 ab
827 2426 906 2474 eo
951 2413 1018 2473 et
1059 2404 1332 2471 ueniens
1865 2423 1985 2471 nos
2030 2404 2270 2471 diuites
2314 2425 2397 2471 ue
2443 2406 2611 2471 forte

515 2562 607 2627 ‘is
654 2560 765 2645 qui
808 2568 875 2627 te
920 2566 987 2626 et
1030 2558 1153 2625 inu
1197 2556 1463 2624 uocauit
1867 2565 1932 2624 et
1975 2546 2106 2643 ipsi
2149 2566 2215 2625 te
2261 2558 2614 2626 reinuitent

554 2714 733 2780 dicat
774 2712 895 2779 tibi
938 2713 1027 2779 da
1066 2711 1218 2777 huic
1260 2711 1409 2777 locfi
1866 2720 1934 2779 et
1977 2713 2095 2779 fiat
2133 2711 2255 2779 tibi
2300 2712 2639 2778 retributio

557 2876 624 2935 et
665 2874 820 2933 tuuc
861 2844 1144 2950 incipias
1190 2866 1269 2930 cu
1314 2884 1389 2929 ru
1696 2868 1775 2933 13
1863 2865 1979 2933 sed
2025 2875 2106 2932 cu
2153 2866 2315 2932 facis
2360 2865 2621 2932 conuiui

557 3022 712 3087 bore
756 3019 1119 3086 nouissimfi
1163 3019 1305 3084 10051
1867 3020 1910 3085 fi
1955 3039 2123 3086 uoca
2165 3038 2488 3104 pauperes
2533 3018 2617 3086 de
2723 3016 2727 3019 ’

282 3161 286 3164 ’
389 3178 468 3242 10
552 3181 775 3241 tenere
819 3173 940 3240 sed
983 3183 1063 3238 eu
1109 3170 1399 3255 in[u]oca
1868 3172 2034 3238 biles
2079 3171 2304 3239 clodos
2347 3193 2553 3239 caecos

555 3335 658 3394 tus
701 3326 901 3394 fueris
945 3290 1118 3391 uade
1157 3344 1312 3390 recu
1699 3330 1776 3394 14
1863 3334 1931 3393 et
1973 3327 2203 3392 beatus
2249 3325 2377 3390 eris
2424 3326 2483 3408 q'
2527 3346 2660 3392 uon

554 3482 635 3548 be
681 3481 747 3547 iu
795 3479 1152 3547 nouissimo
1199 3479 1343 3545 loco
1866 3479 2111 3545 habent
2153 3477 2327 3543 unde
2370 3477 2528 3543 retri

556 3643 626 3700 ut
668 3644 748 3700 cu
790 3634 1049 3701 uenerit
1093 3633 1203 3717 qui
1249 3639 1314 3699 te
1361 3632 1426 3696 in
1866 3634 2064 3698 buere
2108 3629 2228 3695 tihi
2272 3630 2556 3696 retribue

554 3788 865 3855 uitauerit
904 3787 1085 3854 dicat
1127 3786 1247 3853 tibi
1295 3808 1374 3891 a-
1852 3790 1971 3861 ‚tur
2009 3783 2130 3850 tibi
2176 3783 2243 3849 iu
2287 3802 2585 3851 resurrec

556 3940 724 4007 mice
767 3940 1053 4009 ascende
1096 3961 1259 4025 supe
1704 3940 1782 4003 15
1844 3939 2050 4017 ‚tione
2092 3938 2344 4005 iustoru
2389 3936 2532 4004 haec
2575 3939 2654 4004 cfi

558 4095 692 4161 rius
735 4102 890 4161 tune
933 4096 1057 4161 erit
1101 4094 1224 4160 tibi
1270 4080 1379 4176 gilo
1869 4091 2164 4159 audisset
2205 4091 2404 4176 quida
2447 4091 2531 4159 de
2568 4093 2624 4158 si

559 4250 660 4314 ria
700 4270 918 4314 coram
964 4249 1154 4313 simul
1873 4249 2001 4313 mul
2051 4246 2482 4312 disesibentib'
