3634 5717
387 671 505 737 Fol
551 674 632 755 68

427 873 505 937 14
591 872 718 951 Qui
762 856 1046 940 seniinat
1089 877 1292 943 uerbfi
1336 898 1409 945 se

426 1027 502 1088 15
593 1025 800 1093 minat
844 1025 936 1090 hii
983 1033 1135 1093 aute
1177 1035 1330 1094 sunt
1373 1030 1481 1113 qvi

544 1181 763 1258 ,circa
806 1180 980 1247 uiam
1029 1180 1137 1246 ubi
1181 1183 1437 1250 semina

585 1339 688 1398 tur
729 1333 997 1398 uerbum
1044 1339 1110 1399 et
1147 1335 1228 1399 cu
1275 1333 1429 1400 uide

583 1484 714 1549 rint
756 1483 1031 1550 confesti
1077 1481 1259 1552 uenit

583 1644 854 1703 zatanas
898 1643 964 1701 et
1007 1637 1259 1703 auferet

584 1788 847 1854 uerbum
894 1787 1067 1871 quod
1111 1788 1366 1854 semina

584 1942 654 2005 tii
699 1946 800 2007 est
844 1940 911 2005 in
955 1939 1155 2007 corda
1198 1942 1355 2006 eoru

415 2090 496 2153 16
581 2098 661 2159 et·
690 2091 784 2157 hii
830 2100 982 2157 sunt
1024 2091 1331 2159 similiter

581 2245 689 2328 qui
738 2264 938 2328 supra
981 2249 1246 2327 petrosa
1289 2262 1361 2310 se

581 2397 911 2461 minantur
954 2394 1063 2478 qui
1109 2415 1251 2461 cum
1298 2416 1382 2460 au

579 2547 822 2615 dierint
866 2548 1068 2614 uerbfi
1108 2552 1266 2612 stati

579 2720 723 2766 cum
765 2698 1010 2783 gaudio
1055 2698 1390 2802 accipiunt

412 2846 487 2911 17
579 2850 739 2916 ἱΙΙιιᾶ
786 2857 852 2916 et
895 2870 1023 2916 non
1073 2848 1319 2917 habent
1360 2871 1436 2917 ra

578 3004 723 3070 dice
769 3003 836 3069 in
883 3023 956 3070 se
1000 3002 1117 3069 sed
1149 3008 1383 3086 ‚tempo

577 3158 749 3222 rales
795 3161 948 3221 sunt
997 3153 1240 3221 deinde
1285 3175 1357 3219 or

576 3315 645 3374 ta
688 3306 1114 3375 tribulatione
1159 3312 1224 3372 et
1267 3327 1384 3391 per

574 3459 915 3544 sequtione
959 3463 1228 3543 propter

574 3611 777 3678 uerbfi
824 3610 1100 3676 confesti
1147 3629 1304 3675 scau

409 3760 487 3822 18
574 3762 960 3828 dalizantur.
1006 3766 1074 3837 et
1117 3761 1233 3826 alii
1278 3769 1430 3826 sunt

574 3914 683 3997 qui
729 3914 793 3977 in
842 3911 1054 3996 spinis
1098 3912 1393 3979 seminan

573 4073 675 4132 tur
718 4065 813 4130 hii
857 4072 1009 4130 suut
1051 4064 1162 4148 qui
1207 4065 1405 4131 uerbi}

405 4220 481 4282 19
570 4217 844 4283 audiunt
883 4224 949 4282 et
995 4227 1285 4283 aerunae

570 4367 773 4434 seculi
820 4375 886 4433 et
930 4367 1233 4452 deceptio

571 4519 887 4586 diuitiarfi
930 4525 997 4586 et
1040 4518 1216 4584 circa
1259 4538 1327 4583 re

870 4671 1051 4754 liqna

1533 672 1810 739 Mrc4

1722 3910 1806 3973 23

1720 4215 1805 4277 24

1689 4297 1753 4342 Br
1778 4299 1830 4341 12

2815 675 2931 740 133

1912 877 2484 962 concupiscentiae
2529 878 2700 943 intro

1911 1035 2139 1095 euntes
2183 1029 2503 1096 suffocant
2547 1048 2661 1095 uer

1913 1181 2063 1247 burn
2109 1187 2177 1247 et
2219 1180 2364 1247 sine
2410 1181 2617 1246 fructu
2663 1180 2737 1247 es

1734 1329 1819 1394 20
1905 1331 2136 1398 ficitur.
2182 1338 2250 1399 et
2290 1332 2383 1396 hii
2427 1337 2579 1399 sunt
2624 1332 2732 1416 qui

1906 1503 2107 1567 supra
2149 1490 2325 1551 terra
2367 1483 2540 1548 bona
2581 1503 2656 1549 se

1912 1635 2142 1702 minati
2188 1641 2340 1700 sunt
2384 1635 2493 1719 qui
2535 1636 2809 1702 audiunt

1904 1788 2170 1853 uerbum
2217 1793 2283 1852 et
2319 1788 2686 1871 suscipiunt

1904 1948 1969 2004 et
2011 1938 2408 2005 fructificant
2451 1941 2584 2005 unfi
2630 1939 2714 2004 tri

1902 2090 2135 2156 cisimfi
2183 2097 2250 2156 et
2286 2099 2417 2157 unit
2453 2092 2916 2175 sexagensimv

1855 2234 1868 2239 ⁸
1906 2249 1974 2307 et
2018 2243 2148 2307 unu
2196 2243 2608 2309 centisimum

1904 2395 1989 2459 Et
2034 2394 2298 2461 dicebat
2341 2394 2474 2460 illis
2516 2413 2669 2460 num

1903 2545 2060 2630 quid
2105 2546 2287 2613 uenit
2328 2547 2597 2612 lucerna
2639 2551 2710 2610 ut

1903 2699 2024 2765 sub
2061 2697 2283 2764 modio
2328 2704 2610 2782 ponatur

1898 2857 2010 2917 aut
2050 2851 2171 2916 sub
2213 2852 2384 2917 lecto
2428 2871 2647 2917 nonne
2691 2857 2762 2917 ut

1900 3022 2102 3087 supra
2144 3000 2572 3069 candellabru
2615 3023 2701 3087 po

1899 3163 2093 3221 natur
2135 3157 2282 3221 Non
2323 3154 2497 3221 enim
2544 3160 2646 3221 est

1854 3298 1860 3303 ’
1895 3306 2148 3390 aliquid
2194 3305 2644 3373 absconditum

1895 3458 2068 3541 quod
2114 3478 2244 3524 nou
2286 3458 2740 3522 manifestetur

1895 3628 2018 3674 nec
2063 3609 2240 3674 sactu
2287 3559 2686 3673 est-occultu

1894 3760 2011 3825 se'd
2059 3765 2128 3825 ut
2171 3759 2238 3823 in
2285 3759 2506 3842 palam
2551 3757 2777 3823 ueniat
2899 3838 2906 3842 .

1893 3910 1951 3975 si
1998 3911 2142 3995 quis
2188 3910 2388 3978 habet
2431 3930 2621 3978 aures
2666 3930 2750 3977 au

1894 4062 2120 4137 diendi
2167 4063 2397 4129 audiat

1893 4216 1977 4281 Et
2021 4215 2284 4282 dicebat
2326 4215 2459 4282 illis
2504 4213 2724 4280 uidete
2825 4186 2831 4191 ⁴

1891 4367 2046 4449 quid
2094 4367 2379 4434 audiatis
2423 4320 2491 4431 in
2537 4387 2665 4449 qua

1893 4538 2200 4585 mensura
2241 4517 2451 4585 mensi
2497 4517 2663 4585 sueri

1893 4672 1977 4736 tis
2022 4670 2397 4736 remetietur
