3634 5717
374 627 483 690 Fon
543 628 657 692 114
1477 626 1561 691 lac
1603 626 1653 690 C
1701 628 1734 691 ’ἶ
1779 646 1809 667 “

571 828 774 911 pheta
816 827 1014 894 sciret
1058 829 1217 910 utiq'
1262 848 1406 912 quae
1449 836 1515 895 ct
1621 882 1628 889 .

571 979 785 1061 qualis
830 988 933 1045 est
981 980 1213 1045 mulier
1258 950 1580 1062 quac-tan

571 1131 670 1212 git
714 1140 795 1195 cst
841 1131 997 1213 quia
1043 1133 1376 1215 peccatrix
1422 1142 1522 1199 cst
1721 1136 1805 1202 45

398 1281 485 1346 40
575 1282 656 1347 Et
700 1283 1108 1366 respondens
1153 1283 1256 1349 ihs
1302 1230 1417 1351 dix

576 1434 628 1498 it
671 1434 881 1499 simon
927 1435 1137 1502 habeo
1182 1437 1301 1502 tibi
1348 1437 1435 1502 ali

577 1586 731 1667 quid
776 1564 996 1653 dicere
1042 1598 1108 1651 at
1152 1588 1262 1653 ine
1309 1590 1403 1654 ait
1449 1610 1554 1654 ma

404 1741 475 1804 41
576 1736 783 1817 gister
825 1738 933 1803 dic
959 1739 1106 1843 ,duo
1152 1739 1481 1805 debitores

575 1898 763 1954 crant
806 1891 998 1956 cuida
1038 1893 1388 1957 feneratori
1435 1913 1472 1956 n

577 2060 696 2105 nus
741 2041 1024 2108 debebat
1067 2042 1375 2110 denarios
1723 2028 1804 2105 47

576 2160 968 2276 quingentos
1013 2202 1079 2261 ct
1124 2196 1292 2262 alius
1334 2197 1486 2280 quin

405 2345 486 2409 42
576 2344 895 2426 quaginta
940 2367 1068 2411 non
1117 2347 1446 2413 habentib'

580 2496 711 2561 illis
757 2497 928 2563 unde
977 2451 1327 2565 redderent
1365 2499 1450 2564 do

580 2647 765 2713 nauit
808 2648 1030 2731 utrisq'
1076 2650 1220 2732 quis
1265 2659 1423 2734 crgo

581 2820 722 2865 cum
759 2800 903 2884 plus
946 2800 1183 2884 diligit.
1231 2802 1314 2868 Et
1352 2824 1587 2887 respon

577 2951 740 3017 dens
784 2953 995 3018 simon
1042 2952 1213 3018 dixit
1257 2954 1421 3020 acsti
1726 2952 1808 3016 49

578 3125 681 3168 mo
727 3104 876 3188 quin
927 3104 983 3168 is
1030 3105 1131 3169 cui
1181 3105 1325 3188 plus
1371 3084 1548 3170 dona

580 3256 690 3321 uit.
736 3264 806 3322 at
850 3257 961 3323 illc
1007 3257 1178 3323 dixit
1223 3256 1282 3321 ci
1318 3264 1491 3323 recte
1523 3256 1590 3322 iv

404 3410 491 3475 44
575 3406 811 3474 dicasti
857 3414 923 3473 ct
966 3428 1319 3474 conuersus
1366 3409 1449 3473 ad

581 3559 850 3625 muliera
895 3558 1064 3624 dixit
1107 3559 1344 3624 simoni
1392 3560 1455 3624 ui

580 3710 696 3775 des
744 3710 914 3776 hanc
959 3711 1228 3777 mulier&
1274 3711 1450 3776 intra

580 3860 643 3926 ui
691 3862 755 3925 in
802 3861 1059 3928 domum
1103 3871 1214 3928 tua
1257 3883 1492 3945 aquam
1693 3863 1744 3992 g}
1779 3866 1830 3970 ⁶8

581 4011 793 4095 pcdib'
840 4013 1001 4079 mcis
1049 4034 1175 4079 non
1223 4012 1466 4080 dedisti
1692 3952 1834 4095 ¹⁰32?

2786 632 2912 697 225

1891 829 2059 897 haec
2100 836 2252 896 autc
2296 831 2583 897 lacrimis
2627 833 2873 916 rigauit

1894 981 2096 1065 pedes
2146 1001 2324 1047 meos
2366 991 2433 1048 ct
2471 984 2731 1067 capillis
2776 1005 2851 1051 su

1893 1132 1948 1197 is
1994 1133 2182 1198 tersit
2228 1135 2454 1199 osculii
2504 1135 2665 1200 mihi
2716 1157 2841 1201 non

1898 1282 2138 1349 dedisti
2184 1284 2349 1351 haec
2391 1294 2542 1351 autc
2590 1307 2672 1352 cx
2721 1307 2847 1369 quo

1899 1435 2167 1501 intrauit
2213 1457 2339 1501 non
2385 1437 2671 1503 cessauit
2715 1458 2787 1499 os

1722 1584 1804 1644 46
1892 1587 2093 1652 calari
2145 1587 2346 1671 pedes
2393 1609 2591 1659 meos.
2640 1591 2785 1654 olco

1896 1748 2092 1822 caput
2137 1749 2284 1805 mesi
2334 1760 2460 1805 non
2510 1740 2772 1805 unxisti.
2828 1791 2845 1814 .

1900 1891 2063 1956 hacc
2107 1899 2257 1957 autc
2305 1901 2635 1974 unguento
2682 1913 2814 1958 unx

1880 2041 1948 2106 ‘it
1990 2042 2195 2126 pedes
2241 2063 2419 2108 meos
2466 2052 2735 2127 propter
2778 2051 2855 2126 qb

1898 2192 2045 2259 dico
2091 2192 2207 2257 tibi
2256 2194 2670 2261 remittuntur
2715 2196 2775 2260 ci

1901 2352 2172 2428 peccata
2219 2346 2423 2410 multa
2467 2356 2594 2428 quc
2640 2346 2875 2412 dilexit

1900 2497 2124 2564 multa.
2170 2498 2272 2563 cui
2320 2505 2470 2563 autc
2514 2498 2729 2562 minus
2772 2497 2841 2562 di

1901 2649 2179 2714 mittitur
2224 2650 2436 2715 minus
2482 2648 2722 2732 diligit.

1900 2810 1965 2867 ct
2011 2801 2106 2867 ait
2149 2800 2246 2866 illi
2296 2800 2399 2865 ihs
2445 2802 2720 2867 remissa
2764 2810 2915 2867 sunt

1897 2953 2015 3019 tibi
2063 2961 2355 3038 peccata.
2402 2952 2486 3018 Et
2530 2922 2886 3036 coeperanit

1898 3107 2007 3189 qui
2054 3105 2245 3171 simul
2293 3104 2692 3171 recfibcbant
2735 3104 2802 3168 di

1898 3277 2046 3323 cere
2091 3256 2266 3320 intra
2306 3265 2379 3323 sc
2424 3257 2569 3338 quis
2622 3264 2724 3323 cst
2762 3254 2872 3320 hic

1900 3408 2009 3490 qui
2054 3407 2187 3473 etia
2232 3415 2505 3491 peccata
2548 3405 2835 3472 demittit

1898 3557 2069 3625 dixit
2113 3565 2262 3624 autc
2304 3558 2388 3623 ad
2430 3558 2699 3623 muliere
2746 3558 2911 3623 fides

1900 3719 2012 3777 tua
2033 3717 2096 3776 tc
2110 3710 2298 3775 salua
2311 3708 2649 3775 fecituadc
2661 3708 2728 3774 in
2749 3729 2910 3792 pace

1898 3863 1980 3928 Et
2023 3861 2212 3937 factli
2248 3870 2348 3927 cst
2390 3862 2704 3944 deinceps
2749 3869 2816 3926 ct

1900 4014 2045 4099 ipsc
2090 4014 2214 4079 iter
2259 4013 2544 4080 faciebat
2590 4033 2704 4097 per
2744 4011 2871 4077 civi

1900 4166 2068 4232 tate-s
2115 4177 2179 4231 et
