3634 5717
425 623 546 690 Fol
596 625 716 692 166

467 2504 545 2566 10

464 3270 532 3333 11

463 3878 539 3941 12

631 835 839 900 erexit
883 856 955 901 se
1000 845 1067 902 et
1111 834 1283 902 dixit
1319 834 1417 900 eis

631 989 738 1069 qui
786 988 929 1053 sine
976 998 1246 1072 peceato
1295 997 1393 1054 eet

629 1139 850 1205 uestri
898 1142 1143 1225 primus
1195 1142 1259 1205 in
1306 1143 1351 1206 il

635 1293 700 1358 Ιᾱ
742 1290 964 1398 lapide
1012 1286 1230 1357 mittat
1271 1301 1336 1357 et

634 1445 803 1511 iterfi
850 1464 921 1509 ee
970 1443 1295 1509 inelinans'
1339 1445 1464 1509 seri

629 1598 827 1664 bebat
873 1597 938 1661 in
985 1600 1160 1662 terri
1199 1595 1352 1662 audi

632 1756 815 1814 entes
861 1754 1011 1815 aute
1052 1747 1150 1814 illi
1197 1767 1360 1813 unus

578 1945 584 1952 -
629 1907 778 1983 post
821 1911 954 1964 nnn
1001 1900 1308 1966 exiebant

633 2052 1022 2137 incipientes
1070 2073 1110 2117 a
1154 2052 1338 2117 senio

631 2205 744 2270 rib’
790 2212 855 2269 et
903 2205 1165 2269 relictus
1214 2211 1312 2267 eet

630 2358 807 2421 solus
854 2356 958 2420 ibe
1004 2364 1068 2421 et
1113 2355 1347 2420 mulier

630 2510 694 2572 in
742 2507 960 2573 medio
1006 2516 1189 2571 stans
1228 2507 1322 2571 eri

635 2680 797 2744 gene
845 2668 995 2726 aute
1035 2681 1105 2725 se
1154 2660 1255 2725 ihe

632 2813 799 2878 dixit
844 2814 903 2878 ei
951 2813 1185 2878 mulier
1229 2813 1350 2877 ubi-

632 2973 781 3030 eunt
826 2964 936 3048 qui
981 2973 1046 3030 te
1092 2971 1402 3030 accusant

628 3138 818 3182 nemo
864 3125 928 3184 te
970 3117 1379 3188 condemna(

627 3267 725 3333 uit
768 3287 934 3351 quae
980 3267 1149 3333 dixit
1197 3288 1384 3333 nemo

624 3418 757 3484 dfie
802 3418 970 3484 dixit
1013 3427 1162 3483 aute
1208 3420 1270 3483 ei
1316 3418 1418 3482 ibe

627 3590 746 3635 nee
792 3590 914 3653 ego
961 3577 1025 3635 te
1072 3569 1372 3634 condena

629 3722 709 3788 bo
755 3722 925 3788 uade
972 3730 1037 3786 et
1082 3720 1364 3805 amplius

630 3875 761 3939 noli
810 3894 1082 3958 peecare
1129 3873 1302 3938 Iterfi

629 4048 785 4111 ergo
831 4029 1084 4094 loeutus
1130 4033 1232 4092 eet
1276 4025 1371 4091 eis

630 4179 731 4242 ihs
773 4178 999 4246 dicens
1046 4198 1170 4263 ego
1217 4179 1293 4243 Βῆ
1340 4178 1449 4242 lux

521 4315 539 4334 ⁹
628 4330 849 4395 mundi
896 4331 1005 4412 qui
1051 4331 1342 4413 sequitur

628 4502 730 4546 me
775 4501 903 4545 non
952 4481 1312 4548 ambulabit

932 4634 995 4696 in
1043 4635 1330 4699 tenebris

1540 628 1839 696 101108

1787 990 1864 1054 13

1792 1754 1868 1816 14

1951 838 2067 903 sed
2117 833 2381 903 hebebit
2424 839 2642 936 lumen

1951 989 2130 1057 uitae
2177 990 2499 1056 Dixerunt
2543 1011 2614 1056 er

1954 1163 2040 1225 go
2087 1142 2149 1207 ei
2194 1141 2528 1226 pharisaei
2574 1149 2642 1208 tu
2689 1142 2771 1208 de

1952 1301 2015 1358 te
2059 1293 2439 1360 testimonii]
2486 1313 2603 1378 per

1953 1445 2140 1512 bibes
2188 1445 2565 1511 testimonii]

1954 1598 2067 1661 tufi
2116 1617 2243 1662 non
2290 1605 2391 1665 eet
2435 1616 2657 1664 uerum

1955 1747 2296 1832 respondit
2340 1747 2444 1814 ibe
2489 1757 2554 1816 et
2598 1748 2712 1815 dix

1954 1900 2003 1964 it
2051 1901 2146 1965 eis
2194 1907 2257 1966 et
2302 1902 2357 1965 si
2406 1921 2531 1985 ego
2577 1900 2838 1966 testimo

1952 2053 2064 2118 nisi
2113 2051 2425 2135 perhibeo
2471 2052 2553 2119 de
2599 2074 2701 2118 me

1953 2205 2095 2288 ipso
2142 2205 2301 2269 uerti
2348 2210 2448 2268 est
2492 2205 2643 2268 teeti

1952 2356 2172 2421 moniti
2220 2376 2433 2421 meum
2478 2356 2634 2438 quia

1803 2531 1812 2538 ·
1848 2535 1853 2542 ·
1950 2510 2085 2573 seio
2133 2509 2305 2573 unde
2347 2508 2496 2573 ueni
2544 2516 2610 2573 et
2653 2529 2778 2591 quo

1787 2969 1863 3030 15

1951 2660 2123 2726 uado
2168 2679 2287 2725 uos
2336 2668 2485 2726 aute
2532 2682 2650 2726 nes

1951 2814 2099 2877 citis
2146 2811 2316 2881 unde
2361 2816 2559 2881 uenia
2605 2820 2669 2879 et

1953 2984 2077 3046 quo
2123 2963 2361 3031 uadem
2404 2986 2520 3032 uos
2567 2987 2638 3032 se

1865 3143 1873 3152 ·
1949 3114 2165 3181 eundfi
2212 3130 2408 3184 earne
2450 3118 2669 3184 iudica

1785 3425 1862 3487 16

1783 4033 1855 4096 17

1950 3267 2033 3332 tis
2079 3290 2202 3350 ego
2249 3290 2375 3333 uon
2422 3269 2640 3334 iudieo
2688 3280 2811 3350 qve

1949 3424 2076 3501 qui
2120 3427 2185 3483 et
2230 3420 2284 3484 si
2332 3420 2550 3484 iudieo
2595 3439 2720 3503 ego

1947 3571 2192 3636 iudieifl
2245 3591 2454 3636 meum
2502 3571 2662 3637 uersi

1947 3732 2045 3788 est
2093 3723 2247 3805 quia
2291 3725 2469 3788 solue
2516 3742 2641 3787 non

1950 3878 2026 3939 sti
2073 3877 2189 3942 sed
2236 3895 2362 3959 ego
2408 3884 2474 3941 et
2516 3876 2624 3958 qui
2673 3897 2772 3942 me

1948 4028 2125 4093 misit
2171 4037 2358 4112 pater
2403 4035 2468 4093 et
2511 4028 2580 4092 in
2624 4028 2685 4093 le

1948 4202 2030 4260 ge
2076 4187 2299 4247 uestra
2341 4180 2589 4264 seriptfi

1945 4341 2044 4396 est
2089 4332 2245 4415 quia
2289 4331 2495 4397 duorfi
2543 4331 2718 4394 homi

1945 4485 2031 4546 υἷι
2079 4471 2457 4548 testimonii}
2505 4483 2663 4547 uei-fi

2114 4642 2213 4700 est

2847 634 2966 698 331
