3634 5717
380 666 498 730 Fol
552 665 672 730 104

415 1623 492 1686 17

377 1709 421 1751 ιο
448 1707 496 1801 {5¹

378 1812 445 1853 mt
468 1809 521 1852 13

418 2686 495 2749 18

413 2990 491 3054 19

378 3076 421 3117 le
448 3075 499 3117 12

314 3180 319 3185 “
377 3178 445 3219 mt
471 3176 548 3219 142

379 3239 450 3270 mr
474 3228 528 3270 59

413 3908 498 3972 20

581 884 655 929 or
697 883 802 928 me
843 862 1025 927 ouius
1069 882 1198 928 non
1245 880 1387 926 sum

580 1015 821 1101 dignus
864 1013 1121 1080 soluere
1165 1011 1336 1079 eorri

579 1167 757 1251 giam
803 1165 1317 1232 caloiamentorn

581 1317 721 1384 eius
765 1317 910 1401 ipse
952 1336 1071 1383 uos
1114 1316 1381 1401 baptiza

581 1470 677 1536 bit
720 1469 789 1535 in
834 1443 966 1553 ιρι-ι’
1005 1480 1118 1535 soc>
1163 1475 1230 1534 et
1271 1469 1415 1554 igni

581 1622 780 1689 Cuius
824 1619 1261 1687 uentilabrum

580 1775 649 1841 in
694 1794 892 1840 manu
935 1773 1078 1840 eius
1111 1728 1189 1840 ‘et
1231 1793 1444 1858 purga

579 1926 679 1991 bit
721 1945 943 1992 aream
987 1946 1175 1993 suam
1219 1931 1286 1991 et
1329 1944 1450 1990 eon

578 2077 886 2163 gregabit
928 2077 1219 2144 tritieum
1263 2077 1331 2143 in

580 2229 879 2296 horreum
924 2249 1110 2296 suum
1155 2249 1245 2313 pa

578 2381 719 2448 leas
766 2388 916 2449 aute
964 2382 1277 2448 eonburet

581 2533 722 2619 igni
767 2534 1258 2618 inextinguibili

582 2685 787 2751 multa
830 2685 1093 2769 quidem
1134 2693 1202 2753 et
1245 2686 1337 2753 ali

584 2858 626 2903 a
669 2837 1024 2905 exhortans
1068 2836 1430 2923 eua[n]geli

579 2990 772 3056 zabat
814 2990 1128 3075 populum
1173 2991 1348 3056 Hero

582 3140 699 3208 des
745 3148 962 3209 autem
1007 3141 1352 3209 thetareha

584 3313 727 3358 eum
773 3294 1206 3378 corriperetur
1329 3295 1333 3299 ’

585 3445 669 3512 ab
715 3446 829 3511 illo
873 3445 956 3512 de
1002 3445 1362 3512 herodiade

585 3618 783 3665 uxore
828 3597 1063 3692 fratris·
1094 3597 1196 3663 sui
1240 3603 1308 3663 et

584 3748 668 3815 de
712 3749 950 3816 omnib'
994 3750 1189 3816 malis
1233 3769 1378 3831 qnae

584 3902 739 3967 feeit
782 3901 1060 3969 herodes
1100 3902 1252 3968 adie

583 4053 673 4119 eit
715 4053 838 4120 hoe
877 4074 1079 4137 supra
1120 4053 1343 4120 omnia

585 4213 652 4271 et
695 4205 960 4273 inclusit
1004 4206 1286 4272 iohanne
1335 4205 1401 4270 in

888 4376 1147 4425 carcere

1512 659 1781 725 Lace

1720 861 1800 926 21

1684 945 1806 1039 {3513

1684 1046 1833 1141 mt114

1684 1149 1809 1243 {¹3¹1}

1720 1468 1805 1533 22

1720 2697 1804 2761 23

1685 2783 1730 2826 10
1755 2781 1806 2875 ¹2⁴

1686 2887 1755 2945 μιι
1781 2885 1801 2927 1

1685 2948 1732 2978 10

1892 861 2167 926 Factum
2212 865 2315 925 est
2358 866 2510 925 aute
2556 861 2636 925 cu

1894 1012 2338 1097 baptizaretur
2381 1011 2594 1077 omnis

1895 1163 2173 1248 populus
2218 1170 2286 1229 et
2327 1162 2443 1228 ihfi
2487 1164 2672 1248 bapti

1891 1322 2037 1383 zato
2080 1288 2148 1381 et
2192 1321 2422 1382 orante
2465 1334 2627 1400 aper

1893 1474 2028 1534 tum
2076 1474 2179 1534 est
2222 1468 2474 1535 eaelum
2520 1474 2587 1535 et

1891 1618 2235 1687 deseendit
2271 1625 2387 1704 spfi
2430 1625 2536 1686 see
2579 1639 2691 1686 eor

1890 1772 2105 1858 poi-ali
2148 1772 2372 1857 speeie
2414 1772 2584 1838 sient

1890 1906 2192 1993 columba
2233 1925 2303 1990 in
2347 1924 2561 2009 ipsum
2605 1932 2672 1991 et

1889 2099 2019 2146 uox
2063 2077 2149 2145 de
2191 2077 2378 2144 eaelo
2423 2076 2604 2142 faeta

1889 2237 1991 2298 est
2027 2229 2256 2296 dicens
2298 2194 2372 2293 ιιι
2416 2246 2487 2292 es
2532 2226 2626 2292 fili

1890 2403 1967 2450 us
2014 2401 2200 2449 meus
2243 2379 2522 2446 dilectus
2567 2377 2635 2442 in

1890 2542 1956 2602 te
2001 2532 2376 2619 conplacuit
2417 2528 2580 2596 mihi

1892 2688 1976 2753 Et
2017 2688 2162 2772 ipse
2206 2684 2310 2750 ihfi
2354 2689 2497 2750 erat
2539 2680 2671 2748 inei

1890 2840 2081 2925 piens
2126 2835 2314 2922 quasi
2358 2808 2614 2901 annfi

1891 2991 2168 3076 triginta
2210 2987 2383 3083 quoe}
2428 2993 2589 3071 puta

1892 3143 2082 3208 batur
2125 3141 2300 3207 filius
2345 3138 2576 3223 ioseph

1807 3304 1810 3307 ’
1893 3295 2004 3378 qui
2048 3293 2172 3360 fuit
2213 3292 2348 3360 heli
2413 3292 2451 3303 ”

1722 3446 1805 3508 24

1721 4193 1805 4256 25

1893 3445 2001 3528 qui
2046 3444 2170 3510 fuit
2213 3442 2496 3537 matthat

1895 3595 2004 3679 qui
2049 3596 2173 3660 fuit
2214 3594 2346 3660 leui

1895 3748 2004 3830 qui
2049 3746 2175 3813 fuit
2216 3743 2455 3812 melehi

1896 3900 2007 3983 qni
2051 3900 2176 3966 fuit
2217 3898 2479 3966 iamnae

1896 4052 2004 4134 qui
2048 4051 2172 4117 fuit
2216 4048 2449 4133 ioseph

1894 4203 2001 4286 qui
2049 4202 2257 4286 ffuitffl
2300 4198 2681 4267 mathathiae
