3634 5717
361 652 484 717 Fol
535 652 645 717 121

367 1848 512 1943 &13²1

489 884 500 905 ·
571 853 757 920 uobis
803 854 973 938 qnod
1020 854 1204 920 multi
1251 874 1368 939 pro

572 1006 810 1091 phetae
851 1013 917 1072 et
960 1025 1152 1091 reges
1194 1004 1350 1072 uide

571 1178 640 1223 re
688 1158 1035 1224 noluerunt
1076 1177 1220 1241 quae
1265 1178 1382 1224 nos

570 1308 811 1376 uidetis
858 1316 923 1375 et
966 1330 1096 1375 non
1143 1309 1360 1377 uideit

571 1469 639 1528 et
680 1462 909 1529 andire
951 1463 1139 1545 quem
1187 1460 1430 1528 auditis

573 1621 639 1680 et
682 1634 811 1679 non
855 1612 1220 1680 audierunt.

572 1767 656 1832 Et
695 1785 844 1832 ecce
889 1763 1089 1849 quida
1132 1763 1302 1850 legis
1348 1786 1431 1850 pe

421 1950 541 2044 31oe
575 1916 740 1983 ritus
775 1917 1058 1983 surrexit
1099 1923 1278 2001 temp

371 2014 416 2045 m

368 2052 543 2096 ¹¹⁸¹oe
575 2074 724 2135 tans
769 2068 949 2135 illum
995 2076 1061 2136 et
1106 2067 1332 2134 dicens

1478 652 1663 718 LcC
1710 652 1789 718 10

2782 652 2908 718 239

1892 852 2062 920 dixit
2106 855 2191 921 ad
2244 855 2377 921 ihm
2425 861 2493 922 et
2538 854 2683 938 quis
2727 862 2828 920 est

1892 1025 2075 1071 mens
2121 1006 2456 1090 proximus
2501 1006 2675 1073 susci

1893 1156 2081 1241 piens
2125 1165 2276 1224 ante
2321 1157 2426 1223 ih‘s
2471 1156 2659 1224 dixit.
2705 1158 2789 1222 ho

1892 1329 1998 1374 mo
2044 1308 2245 1393 quida
2289 1308 2731 1376 descendebat

1894 1460 1978 1526 ab
2023 1460 2351 1527 hierusale
2396 1461 2463 1527 in
2507 1460 2803 1527 hiericho

1895 1619 1965 1678 et
2005 1610 2240 1677 incidit
2283 1612 2349 1678 in
2396 1613 2687 1681 latrones

1896 1763 2006 1847 qni
2051 1763 2185 1830 etia
2228 1764 2661 1850 dispolianeit

1895 1915 1990 1981 efi‘
2024 1924 2091 1982 et
2134 1917 2349 2001 plagis
2395 1916 2699 2002 inpositis

1896 2066 2214 2134 abierunt.
2259 2067 2578 2134 seminino
2617 2089 2696 2135 eo

575 2220 889 2304 magister
934 2220 1088 2304 qnid
1135 2221 1348 2288 facien

1718 2219 1811 2296 31,
1888 2218 2136 2284 relicto.
2180 2218 2438 2286 Accidit
2476 2226 2625 2286 ante

571 2371 657 2437 do
699 2372 839 2438 nita
883 2379 1127 2439 aeterna
1173 2372 1354 2457 possi

348 2540 353 2544 ·
406 2524 491 2589 26
575 2522 764 2589 debo.
810 2522 896 2589 At
940 2524 1054 2590 ille
1098 2522 1266 2590 dixit
1311 2523 1396 2590 ad
1443 2530 1522 2590 eir

405 2829 485 2894 27

578 2673 645 2738 in
691 2674 842 2758 lege
885 2673 1043 2757 qnid
1088 2675 1333 2760 scriptia
1385 2703 1438 2735 -ι-

577 2824 900 2910 quomodo
944 2826 1114 2910 legis
1158 2828 1271 2894 ille

576 2978 981 3062 respondens
1027 2977 1196 3044 dixit
1239 2978 1357 3045 dili

574 3129 797 3215 ligis[!]
844 3128 1002 3197 dnm
1048 3129 1156 3196 din
1202 3133 1317 3198 tuii
1364 3153 1447 3199 ex
1493 3141 1558 3196 to

577 3289 645 3377 to
689 3281 885 3348 corde
929 3290 1040 3348 tuo
1085 3290 1151 3349 et
1196 3304 1276 3350 ex
1322 3291 1465 3385 tota

578 3434 801 3501 anima
843 3441 958 3501 tna
999 3443 1064 3501 et
1109 3455 1191 3501 ex
1235 3435 1472 3501 omnib'

578 3586 763 3653 nirib'
806 3586 935 3652 tuis
981 3594 1047 3652 et
1091 3606 1173 3652 ex
1219 3587 1393 3652 omni
1442 3608 1591 3652 men

582 3746 646 3806 te
692 3746 803 3804 tna
848 3745 914 3805 et
958 3738 1260 3822 proximfi
1305 3740 1420 3805 tufi

408 3887 491 3952 28
578 3890 747 3956 siout
786 3898 854 3956 te
896 3890 1065 3975 ipso.
1111 3891 1357 3974 Dixitq’
1399 3891 1497 3956 ini

585 4041 687 4107 ihs
732 4049 907 4108 recte
952 4041 1350 4127 respondisti

583 4194 709 4260 hoc
753 4195 858 4260 fac
903 4201 970 4260 et
1011 4194 1196 4262 niues
1239 4195 1359 4260 Ille
1402 4215 1487 4260 av

413 4344 497 4409 29
584 4353 714 4411 tem
759 4347 987 4412 uolens
1034 4346 1388 4412 iustificare

856 4497 1079 4581 seipsi]

1724 2678 1808 2743 32

1701 3132 1808 3202 ’33

1893 2377 1965 2435 nt
2007 2369 2317 2438 sacerdos
2363 2370 2562 2454 quida
2604 2370 2721 2437 des

1895 2522 2205 2590 cenderet
2249 2523 2414 2589 eade
2458 2521 2572 2590 nia
2612 2530 2681 2590 et

1894 2674 2038 2740 niso
2085 2674 2200 2740 illo
2245 2673 2545 2760 preteriit
2587 2673 2737 2740 simi

1897 2824 2048 2891 liter
2091 2834 2158 2893 et
2201 2826 2409 2894 lenita
2451 2827 2533 2892 cfi
2578 2833 2754 2893 esset

1897 2996 2084 3043 secus
2130 2978 2280 3044 locfi
2326 2985 2391 3044 et
2434 2977 2690 3044 uideret
2732 2984 2812 3045 ei·

1896 3130 2297 3212 pertransiit.
2340 3130 2672 3217 Samarita

1898 3300 2019 3346 nus
2064 3289 2215 3348 ante
2262 3281 2527 3367 quidam
2574 3283 2702 3350 iter

1899 3434 2227 3500 transiens
2271 3432 2455 3499 uenit
2497 3452 2685 3501 secus

1902 3582 1983 3646 εὖ
2033 3590 2098 3649 et
2142 3582 2375 3652 uidens
2421 3564 2503 3650 οὗ
2549 3584 2769 3650 miseri

1729 3736 1813 3801 34
1902 3735 2130 3801 cordia
2173 3743 2385 3802 motus
2431 3742 2533 3802 est
2577 3744 2644 3802 et
2688 3734 2771 3800 ad

1905 3889 2220 3973 propians
2268 3886 2574 3972 alligauit
2616 3887 2724 3951 nul

1908 4061 2066 4106 nera
2111 4040 2252 4106 eins
2298 4038 2652 4107 infundens
2699 4059 2736 4101 o

1905 4193 2075 4258 lenm
2124 4201 2190 4258 et
2232 4193 2393 4259 ninfi
2439 4199 2506 4258 et
2550 4211 2801 4277 ponens

1908 4344 2025 4408 infi
2074 4343 2139 4408 in
2186 4343 2479 4431 iutnentsx
2520 4345 2641 4409 sun
2688 4341 2816 4409 dux

2078 4495 2130 4558 it
2175 4495 2239 4560 in
2288 4495 2550 4562 stabu-lfi
