3634 5717
764 687 989 749 XVIII

766 877 1045 936 Mantuae
1090 874 1361 947 Carpent.
1412 876 1498 950 (b.
1531 896 1582 938 e.
1617 876 1950 948 Madridae)
1997 876 2253 935 codicem
2298 895 2535 935 aureum
2580 874 2744 950 emit,
2788 884 2852 934 et
2893 894 3024 933 cum
3072 881 3149 933 96
3197 872 3336 933 aliis

764 962 1151 1022 monumentis
1192 960 1578 1021 bibliothecae
1625 963 1815 1035 regiae
1861 961 2188 1021 Holmiensi
2240 961 2481 1020 donavit
2498 956 2570 1034 ¹).
2664 957 2782 1030 Qui
2833 960 3053 1018 factum
3098 960 3208 1037 sit,
3261 969 3340 1016 ut

766 1058 968 1107 contra
1008 1047 1368 1106 voluntatem
1412 1057 1475 1105 et
1517 1047 1971 1107 obtestationem
2007 1046 2273 1106 Aelfredi
2320 1046 2485 1105 ducis
2529 1047 2714 1106 codex
2756 1065 2967 1104 aureus
3013 1042 3340 1105 cantuaria

766 1132 1094 1192 Madridam
1137 1132 1489 1208 perveniret,
1532 1153 1771 1205 prorsus
1817 1135 2104 1191 incertum
2133 1142 2243 1193 est.
2312 1131 2520 1191 Potest
2562 1133 2624 1191 in
2668 1141 2920 1191 mentem
2949 1132 3149 1189 venire
3192 1141 3339 1188 tem·

766 1219 923 1289 poris
954 1228 1087 1290 post
1138 1221 1317 1291 1367,
1365 1236 1477 1291 quo
1509 1228 1770 1290 tempore
1813 1219 1968 1277 filius
1999 1219 2150 1290 regis
2195 1217 2454 1276 Edvardi
2487 1215 2588 1276 III
2632 1216 2942 1276 Edvardus
2989 1216 3338 1289 (mx-inceps

764 1305 961 1376 niger«
973 1315 997 1377 J
1044 1323 1148 1375 per
1191 1302 1414 1375 aliquot
1456 1324 1635 1363 annos
1679 1324 1809 1363 cum
1854 1305 2037 1375 copiis
2061 1302 2423 1362 Britannicis
2466 1301 2619 1361 bella
2662 1304 2721 1361 in
2753 1301 3042 1374 Hispania
3069 1299 3339 1374 gerebat„

764 1401 868 1448 aut
933 1388 1211 1460 temporis
1277 1389 1434 1447 inter
1496 1406 1678 1448 annos
1746 1394 2097 1462 1554—58‚
2161 1407 2338 1462 quum
2403 1390 2601 1458 regina
2661 1387 2908 1459 Anglica
2951 1386 3143 1445 Maria
3207 1386 3340 1458 regi

766 1474 1086 1546 Hispanico
1130 1473 1406 1545 Philippo
1452 1473 1535 1535 H.
1606 1487 1787 1546 nupta
1845 1485 2032 1550 esset3
2100 1474 2192 1532 his
2251 1475 2404 1532 enim
2448 1473 2808 1545 temporibus
2853 1473 3127 1545 frequens
3171 1471 3340 1530 haud

764 1559 937 1618 dubie
983 1561 1139 1618 inter
1182 1558 1546 1618 Britanniam
1594 1571 1655 1618 et
1699 1559 2067 1636 Hispaniam,
2113 1559 2290 1618 etiam
2334 1560 2542 1617 summi
2588 1558 2810 1617 ordinis
2855 1559 3135 1628 virorum,
3181 1576 3338 1615 com·

763 1646 1041 1703 mercium
1084 1645 1217 1703 fuit.
1308 1643 1458 1703 Sunt
1504 1655 1693 1703 tamen
1739 1645 1851 1704 hae
1896 1665 2087 1703 merae
2132 1646 2517 1705 coniecturae.

936 1730 1075 1788 Alia
1118 1739 1209 1788 est
1252 1731 1587 1789 coniectura
1616 1729 1949 1789 Liliebladii
1996 1730 2060 1804 (l.
2106 1729 2143 1790 l.
2191 1750 2319 1802 pag.
2372 1733 2436 1802 3)
2484 1741 2544 1789 et
2582 1728 2759 1789 Celsii
2809 1729 2874 1803 (l.
2915 1727 2954 1789 l.
2988 1748 3115 1800 pag.
3158 1731 3336 1802 179).

763 1815 1019 1874 codicem
1064 1834 1303 1873 aureum
1369 1815 1612 1874 eundem
1680 1835 1807 1874 esse
1827 1861 1844 1891 7
1903 1834 2072 1889 quem
2132 1815 2356 1874 duobus
2409 1815 2549 1873 locis
2595 1825 3004 1874 commemorat
3047 1813 3338 1872 Erasmus

766 1900 1216 1960 Rotterodamus
1262 1900 1445 1972 (Novi
1490 1899 1558 1962 T.
1607 1900 1802 1962 adnot.
1847 1900 2010 1960 Basil
2050 1905 2230 1966 1540.
2274 1900 2441 1972 praef.
2491 1911 2552 1959 et
2595 1921 2722 1973 pag.
2773 1902 2860 1977 2),
2914 1911 3142 1958 «totum
3187 1919 3336 1957 auro

763 1987 1213 2060 convestitum«,
1244 1987 1561 2057 »insignem
1593 1995 1780 2044 totum
1810 1987 2004 2045 aureis
2034 1987 2424 2057 conscriptum
2443 1985 2722 2062 litteris«,
2747 2004 2918 2059 quem
2943 1985 3338 2058 Mai-gannac,

765 2069 957 2130 Caroli
990 2071 1047 2130 V
1078 2072 1443 2141 imperatoris
1472 2072 1705 2146 amitae,
1749 2072 1954 2147 fuisse,
1999 2083 2058 2130 et
2083 2071 2443 2130 Mechlineae
2473 2073 2693 2130 servari
2723 2072 2889 2148 dicit,
2933 2089 3120 2144 eoque
3147 2089 3210 2129 se
3255 2070 3338 2128 ad

764 2155 1051 2215 editiones
1095 2176 1229 2215 suas
1274 2156 1426 2216 Novi
1473 2157 1831 2215 Testamenti
1879 2178 2047 2216 usum
2090 2177 2238 2218 esse.
2337 2156 2452 2217 Ios,
2501 2157 2859 2216 Blanchinus
2904 2175 3133 2230 quoque
3177 2155 3338 2214 codi-

764 2361 929 2404 missus
948 2358 1265 2410 Germaniam.
1285 2357 1551 2408 Bataviam.
1574 2357 1797 2409 Galliam.
1818 2357 2098 2411 Hispaniam
2117 2359 2385 2411 peragravit
2403 2380 2450 2387 —
2470 2357 2699 2403 Tunetem
2716 2358 2860 2401 venit.
2899 2355 3034 2401 Unde
3053 2357 3102 2400 in
3122 2355 3338 2401 Galliam

762 2429 907 2472 redux
944 2429 1096 2473 denuo
1122 2426 1321 2473 Romam
1355 2440 1499 2479 quum
1526 2429 1743 2478 venisset.
1771 2425 2048 2473 Innocentio
2075 2426 2175 2471 XII
2215 2426 2373 2479 Papae
2408 2427 2593 2472 lexicon
2619 2439 2756 2470 suum
2783 2424 3084 2471 Slaronicum
3111 2425 3338 2474 ostendit.

761 2500 806 2540 et
848 2497 1036 2541 veniam
1075 2496 1399 2541 thesaurorum
1440 2510 1584 2540 manu
1633 2496 1908 2547 scriptorum
1948 2495 2261 2541 bibliothecae
2301 2494 2565 2540 Vaticanae
2600 2492 3034 2547 perscrutandorum
3074 2493 3340 2538 liberaliter

764 2571 931 2608 nactus
970 2566 1143 2616 patrios
1180 2567 1299 2610 lares
1338 2565 1492 2609 denuo
1532 2564 1749 2616 repetivit
1787 2565 1907 2609 1694.
1962 2563 2107 2608 Codd.
2135 2565 2388 2615 permultos
2427 2562 2586 2612 Arab..
2617 2563 2758 2610 Pers..
2787 2561 2942 2612 Ture..
2973 2562 3179 2611 Armen..
3209 2559 3334 2611 Syr..

764 2634 911 2684 Copt..
942 2635 1123 2684 Graec..
1153 2632 1301 2684 slav..
1330 2633 1503 2684 Latin.
1532 2635 1671 2680 Geth.
1700 2631 1835 2683 Hisp.
1866 2637 1953 2676 etc.
1994 2632 2308 2677 bibliothecae
2335 2631 2652 2676 universitatis
2677 2630 2966 2682 Upsaliensis
2993 2630 3200 2674 donavit.
3237 2629 3336 2674 Ibi-

764 2701 869 2744 dem
908 2702 1089 2745 lexicon
1125 2701 1225 2745 eius
1253 2700 1381 2746 Slav.
1425 2715 1568 2746 manu
1610 2703 1834 2754 scriptum
1872 2705 2150 2745 asservatur.
2205 2699 2255 2743 Is
2292 2703 2340 2743 et
2366 2697 2502 2743 Fred-
2531 2697 2807 2750 Romam,
2849 2700 2923 2744 vir
2961 2698 3125 2743 doctus
3163 2698 3339 2742 nobilis

764 2767 941 2820 Danas,
981 2770 1208 2820 multique
1244 2770 1327 2813 alii
1364 2770 1453 2814 viri
1481 2769 1606 2815 docti
1633 2771 1812 2815 litteras
1841 2771 1962 2814 inter
1999 2782 2046 2812 se
2081 2769 2319 2812 miserunt.
2385 2767 2562 2811 Peritus
2602 2768 2869 2818 linguarum
2906 2767 2958 2811 14
2997 2765 3334 2818 loquenda-um

764 2841 809 2880 et
824 2836 1171 2882 scribendarum
1186 2835 1422 2889 crat(vide
1440 2836 1593 2888 Biogr.
1616 2837 1819 2882 Lexicon
1842 2836 2008 2882 Stckh.
2031 2837 2131 2879 1848
2152 2834 2257 2886 XV,
2285 2834 2476 2886 Nyerup
2499 2834 2682 2881 »Roiser
2699 2836 2755 2880 til
2775 2835 2965 2880 Stant.-
2987 2833 3180 2880 Kbhvn.
3197 2833 3334 2885 1816).

868 2906 897 2952 ¹)
927 2903 1123 2949 Mantua
1143 2904 1360 2957 Carpent.
1388 2911 1457 2950 est
1490 2904 1709 2951 Madrida
1737 2905 1863 2957 (ride
1892 2903 2101 2949 Bischoff
2123 2916 2168 2947 u.
2198 2900 2392 2948 Mffller:
2425 2903 2840 2954 *Vergleichendes
2881 2903 3185 2949 Worterbuch
3213 2907 3330 2951 ete.-

765 2973 921 3018 Gotba
948 2973 1080 3024 1829),
1110 2972 1217 3018 Chr.
1248 2972 1468 3019 Molbech
1494 2987 1677 3025 quoque
1706 2974 1754 3020 (1.
1776 2974 1807 3016 1.
1829 2985 1935 3024 pag.
1954 2971 2021 3018 sl)
2049 2969 2316 3016 Madridam
2343 2985 2440 3016 esse
2466 2977 2616 3023 putat,
2646 2971 2874 3024 Stephens
2893 2971 3142 3017 Mantuam
3159 2970 3335 3016 Italiae

764 3043 812 3085 (1.
842 3042 872 3085 1.
902 3054 1008 3092 pag.
1035 3041 1115 3092 15).
1172 3038 1351 3084 Mentio
1385 3039 1443 3084 de
1472 3039 1671 3085 Mantua
1699 3040 2065 3092 Carpetanorum
2093 3040 2142 3084 in
2169 3039 2402 3091 Hispania
2427 3040 2553 3085 haud
2581 3043 2743 3092 procul
2769 3054 2800 3086 a
2826 3040 3073 3092 Compluto
3097 3045 3144 3083 et
3170 3039 3335 3083 Toleto

764 3110 893 3156 facta
917 3115 987 3153 ent
1012 3123 1043 3154 a
1070 3110 1138 3153 el.
1160 3108 1424 3153 Ptolemaeo
1453 3109 1619 3160 Geogr.
1647 3109 1731 3154 lib.
1761 3108 1815 3152 11
1843 3124 1868 3154 c
1895 3110 1936 3152 5.
1992 3107 2050 3152 In
2081 3106 2287 3154 »Delices
2314 3106 2372 3152 de
2399 3106 2669 3159 L'Espagne
2704 3113 2818 3154 etc.·
2857 3108 3034 3153 editore
3061 3107 3118 3150 A.
3146 3107 3205 3151 de
3230 3107 3332 3150 Col-

763 3191 939 3230 menar.
968 3177 1123 3228 Leyde
1148 3177 1251 3222 1715
1275 3190 1381 3229 pag.
1409 3177 1500 3226 242,
1538 3176 1752 3222 Marehio
1779 3177 1838 3221 de
1869 3176 2013 3223 Liehe
2049 3180 2439 3221 commemoratur
2481 3177 2554 3220 vir
2579 3175 2885 3220 divitissimus
2910 3181 2958 3221 et
2983 3176 3332 3228 potentissimus

764 3246 1008 3291 Madridae
1057 3245 1301 3296 habitans,
1341 3246 1551 3297 aequalis
1591 3245 1807 3297 Philippo
1848 3246 1944 3295 regi
1995 3242 2082 3296 IV.
2136 3245 2217 3296 qui
2278 3245 2493 3295 regnavit
2531 3243 2806 3294 lom—166&
2863 3244 2988 3288 filius
3027 3248 3128 3288 erat
3166 3243 3330 3287 summi

764 3315 961 3359 ministri
988 3314 1125 3358 huius
1149 3314 1269 3362 regis
1298 3312 1523 3357 Ludovici
1550 3312 1608 3357 de
1635 3311 1778 3358 Raro.
1839 3311 1997 3358 Verba
2022 3313 2070 3358 in
2099 3311 2185 3357 hoc
2217 3312 2337 3357 libro
2373 3312 2490 3358 haec
2529 3317 2658 3357 sunt:
2705 3311 2792 3357 ¹Le
2818 3311 3029 3364 Marquis
3055 3312 3122 3355 de
3150 3309 3330 3358 Liche

764 3384 837 3426 fils
872 3382 929 3427 de
966 3381 1105 3425 Louis
1140 3382 1198 3425 de
1238 3380 1367 3425 Haro
1402 3381 1602 3433 premier
1639 3382 1846 3426 ministre
1889 3380 1947 3425 de
1982 3380 2199 3433 Philippe
2237 3379 2311 3425 IV
2348 3394 2378 3425 a
2426 3378 2523 3424 bati
2569 3393 2659 3425 une
2705 3380 2884 3426 maison
2924 3381 3029 3432 pres
3068 3379 3132 3423 du
3172 3378 3330 3424 Palais

762 3452 908 3502 mysi,
936 3451 1015 3501 qui
1043 3463 1253 3501 surpasse
1280 3454 1430 3494 tontes
1457 3449 1523 3493 les
1550 3454 1703 3494 autres
1731 3451 1933 3500 maisons
1959 3449 2282 3500 particulieres
2307 3462 2424 3500 pour
2452 3450 2500 3493 la
2524 3448 2757 3499 mudeur
2782 3453 2830 3493 et
2855 3461 2972 3500 pour
2995 3449 3063 3492 les
3087 3448 3327 3494 riehmes.

762 3517 867 3566 Elle
892 3518 1033 3562 serait
1058 3531 1223 3561 ene-ore
1250 3519 1353 3568 plus
1381 3518 1588 3569 superbe.
1618 3518 1655 3562 si
1684 3517 1900 3569 Philippo
1920 3517 2002 3562 Iv.
2034 3518 2112 3569 qui
2140 3531 2198 3562 ne
2227 3517 2406 3561 voulait
2433 3529 2516 3568 pas
2541 3516 2726 3561 souffrir
2751 3530 2841 3561 une
2859 3517 3039 3561 maison
3066 3517 3106 3560 si
3132 3516 3253 3561 belle
3279 3521 3328 3560 et

762 3587 799 3630 si
825 3586 954 3631 riche
981 3589 1083 3637 trop
1110 3586 1215 3636 pree
1242 3584 1300 3629 de
1327 3599 1408 3629 son
1438 3585 1595 3630 Palais
1622 3585 1749 3630 n'eut
1774 3585 1981 3630 ordonne
2010 3599 2071 3629 au
2100 3584 2311 3637 Mai-(wis
2343 3586 2402 3630 de
2429 3585 2698 3629 retrancher
2715 3585 2773 3629 de
2790 3598 2873 3629 son
2900 3584 3120 3629 dessein.·

866 3653 1043 3698 Mentio
1080 3654 1139 3697 de
1168 3651 1438 3698 Marchione
1475 3654 1533 3699 de
1561 3653 1704 3699 Liche
1747 3653 1862 3706 (sive
1903 3653 1961 3697 de
1990 3652 2203 3702 Heliche)
2245 3659 2292 3698 et
2319 3655 2550 3706 emptione
2577 3653 2803 3698 librorum
2831 3667 2890 3698 ex
2918 3653 3206 3698 bibliotheca
3229 3653 3329 3697 eius

762 3735 843 3773 per
879 3721 1269 3773 Sparvenfeldum
1298 3720 1543 3767 Madridae
1582 3724 1711 3767 facta
1746 3723 1889 3767 etiam
1927 3726 1996 3766 est
2035 3722 2084 3765 in
2120 3721 2317 3772 epistola
2346 3722 2692 3773 Sparvenseldii
2727 3721 2791 3766 ad
2820 3721 3037 3767 Carolum
3065 3721 3139 3766 XI
3175 3735 3328 3772 regem

764 3789 877 3833 data
904 3788 1149 3833 Madridae
1174 3791 1200 3833 8
1228 3787 1387 3834 Martii
1413 3788 1516 3840 1690
1544 3789 1641 3841 (ubi
1668 3790 1785 3834 dicit
1810 3804 1859 3834 se
1878 3789 2113 3841 scripsisse
2131 3794 2272 3834 antea
2295 3790 2539 3841 epistolam
2557 3790 2719 3834 datam
2740 3788 2988 3835 Madridae
3015 3792 3042 3835 9
3057 3789 3327 3835 Decembris

764 3858 903 3910 1oe9):
935 3853 1023 3902 -Sss
1049 3858 1136 3902 bar
1155 3858 1238 3908 jag
1264 3857 1383 3901 dock
1411 3859 1519 3902 icke
1538 3858 1686 3902 heller
1712 3858 1888 3902 aldeles
1917 3858 2113 3901 fdrlorat
2129 3857 2272 3908 tiden,
2300 3857 2497 3902 emedan
2525 3858 2608 3908 jag
2626 3857 2695 3901 uti
2713 3857 2771 3902 de
2789 3863 2967 3902 raraste
2985 3858 3324 3908 bibliotheken.

763 3926 965 3970 s‘ardeles
983 3939 1038 3969 ur
1051 3924 1258 3976 Man-qvis
1276 3925 1334 3969 de
1358 3925 1592 3976 Heliches‚
1622 3926 1722 3969 vice
1751 3925 1840 3968 Roi
1869 3926 2002 3970 osver
2017 3923 2237 3976 Neapolis
2263 3920 2512 3970 efterlsstne
2539 3925 2730 3970 skriuer
2747 3921 2890 3976 nssgot
2914 3927 3148 3977 ansenligt
3175 3927 3329 3972 funuit

762 3992 850 4038 och
876 3989 1055 4037 sfiledes
1079 3997 1105 4037 8
1132 3993 1280 4037 histor
1305 3994 1419 4037 suile
1447 4007 1508 4037 nu
1536 3993 1623 4038 h'ar
1649 3994 1664 4036 i
1692 3991 1882 4036 Madrid
1910 3994 2092 4037 lemnar
2127 3994 2180 4036 til
2215 3993 2377 4037 videre
2412 3990 2571 4037 ordros
2606 3993 2694 4037 och
2740 3993 2925 4038 kanske
2951 3995 3006 4039 til
3034 3994 3328 4040 niirrarande

762 4063 1107 4113 conjuncturers
1135 4062 1187 4105 til
1217 4060 1503 4111 rotandi-ing.
1533 4055 1729 4104 siframt
1750 4061 1834 4110 jag
1861 4061 1998 4110 ingen
2025 4060 2247 4109 lifigenhet
2274 4060 2423 4105 finner
2448 4062 2576 4105 them
2593 4062 2648 4105 til
2665 4059 2904 4106 Lisabona
2933 4064 2989 4107 til
3009 4062 3064 4107 Ε,
3087 4062 3146 4108 Κ.
3168 4062 3327 4114 Mans

763 4129 931 4174 Consul
958 4129 1044 4174 och
1074 4129 1217 4174 sedan
1247 4129 1351 4174 med
1379 4129 1583 4173 srenska
1608 4128 1868 4179 saltskiepp
1897 4129 1950 4171 til
1968 4127 2243 4174 Stockholm
2267 4133 2318 4173 at
2345 4128 2660 4173 osv-emendas
2681 4151 2730 4157 -—
2753 4128 2836 4174 »Et
2863 4128 3055 4175 Mimale
3075 4130 3326 4177 Gothicum

761 4212 859 4242 som
896 4198 973 4241 for
1000 4196 1078 4241 des
1106 4198 1285 4242 rarhets
1312 4197 1438 4241 skuli
1465 4198 1520 4240 ar
1546 4197 1613 4240 uti
1641 4196 1754 4246 host
1779 4195 1924 4240 viii-de
1950 4196 2037 4240 och
2065 4198 2140 4241 s'dr
2174 4196 2400 4248 peningar
2437 4197 2542 4241 icke
2570 4197 2718 4249 kopas
2755 4197 2877 4249 kan.
2930 4198 3018 4243 har
3044 4198 3324 4244 Cardinalen

761 4265 850 4309 och
863 4253 1263 4316 iimhe-Bisoopen
1289 4265 1346 4309 as
1366 4263 1540 4309 Toledo
1567 4265 1717 4309 lofvat
1756 4264 1862 4308 med
1889 4263 2019 4308 tiden
2047 4265 2245 4315 upsiikiu
2270 4259 2372 4309 lata
2413 4265 2500 4309 och
2527 4263 2583 4309 E.
2614 4263 2674 4308 K.
2705 4264 2843 4316 Mam
2869 4267 3101 4311 ffiriihra·.
3157 4266 3324 4311 Parum

762 4336 945 4377 constat
990 4346 1103 4376 num
1151 4332 1241 4378 hoc
1289 4333 1468 4379 factum
1507 4334 1569 4377 sit
1606 4331 1728 4383 (vide
1770 4331 2034 4379 Schroderii
2073 4331 2250 4378 Itinera
2296 4337 2344 4377 et
2380 4332 2562 4378 labores
2604 4332 2952 4384 Sparvenseldii
2990 4347 3099 4386 pac.
3140 4334 3324 4385 17—18).

764 4399 975 4445 Marehio
1001 4400 1060 4444 de
1079 4399 1223 4445 Liche
1251 4401 1341 4449 (vel
1369 4400 1426 4445 de
1450 4399 1664 4452 Heliehe)
1694 4400 1817 4444 idem
1849 4402 2040 4445 sortasse
2065 4405 2149 4449 eet.
2177 4400 2308 4446 cuius
2335 4414 2503 4445 nomen
2529 4404 2631 4446 erat
2657 4400 2888 4453 Casparus
2913 4401 2971 4447 de
2999 4400 3129 4448 Baro
3155 4416 3187 4453 y
3212 4403 3325 4448 Gus-

763 4482 885 4516 man.
914 4468 995 4519 qui
1020 4468 1146 4513 filius
1171 4469 1404 4518 maximus
1429 4474 1542 4514 natu
1569 4473 1671 4514 erat
1695 4469 1896 4514 ministri
1921 4469 2024 4512 Don
2052 4466 2164 4511 Luis
2191 4466 2385 4512 Mendes
2423 4467 2481 4512 de
2509 4468 2637 4513 Haro
2664 4468 2778 4520 (nat.
2808 4471 2924 4522 1599,
2952 4470 3027 4515 ob.
3055 4469 3197 4523 leon:
3225 4479 3327 4516 erat

762 4537 971 4580 minister
997 4535 1316 4582 cancellarius
1354 4550 1560 4580 summus
1588 4536 1767 4588 Indiae,
1812 4536 2014 4587 Legatus
2043 4534 2232 4588 Romae.
2276 4536 2394 4583 Vice
2431 4549 2510 4581 rex
2537 4535 2751 4589 Neapoli,
2793 4538 2911 4583 obiit
2948 4538 3065 4583 1687.
3129 4537 3246 4584 Erat
3280 4541 3322 4583 ei

760 4603 902 4648 unica
942 4604 1041 4648 fllia
1069 4602 1334 4649 Katharina
1360 4603 1699 4649 Marchionissa
1738 4604 1797 4648 de
1840 4605 2067 4656 Caprione
2101 4610 2150 4649 et
2177 4604 2369 4656 Loches.
2412 4604 2659 4649 Comitissa
2694 4605 2752 4650 de
2780 4606 2996 4651 Olirarea
3036 4611 3084 4651 et
3111 4606 3323 4652 Morente

757 4670 957 4719 Ducissa
983 4671 1040 4716 de
1067 4670 1301 4724 Mantora,
1340 4676 1488 4724 nupta
1513 4670 1764 4718 Francisco
1799 4672 1859 4718 de
1886 4672 2048 4717 Toleto
2076 4671 2200 4724 (vide
2226 4686 2271 4716 r.
2302 4670 2576 4723 Stramberg
2611 4673 2658 4717 in
2685 4671 2833 4720 Erech
2875 4674 2971 4718 und
2999 4673 3204 4719 Grubers
3232 4673 3322 4720 En·

756 4739 942 4790 cyklop.
972 4738 1012 4782 1.
1040 4740 1079 4784 1.
1108 4738 1163 4791 2).
1217 4739 1289 4784 Ea
1314 4741 1507 4785 fortasse
1533 4745 1712 4792 partem
1738 4740 2054 4786 bibliothecae
2081 4740 2226 4792 patris
2253 4739 2481 4786 vendidit.
2881 4734 2887 4740 “
