<?xml version="1.0" encoding="UTF-8"?>
<!DOCTYPE html PUBLIC "-//W3C//DTD XHTML 1.0 Transitional//EN"
    "http://www.w3.org/TR/xhtml1/DTD/xhtml1-transitional.dtd">
<html xmlns="http://www.w3.org/1999/xhtml" xml:lang="en" lang="en">
 <head>
  <title>
</title>
<meta http-equiv="Content-Type" content="text/html;charset=utf-8" />
  <meta name='ocr-system' content='tesseract 3.04.00' />
  <meta name='ocr-capabilities' content='ocr_page ocr_carea ocr_par ocr_line ocrx_word'/>
</head>
<body>
  <div class='ocr_page' id='page_1' title='image "./codexaureussive00belsgoog_0276.png"; bbox 0 0 3634 5717; ppageno 0'>
   <div class='ocr_carea' id='block_1_1' title="bbox 718 621 2122 695">
    <p class='ocr_par' dir='ltr' id='par_1_1' title="bbox 718 621 2122 695">
     <span class='ocr_line' id='line_1_1' title="bbox 718 621 2122 695; baseline -0.004 -1"><span class='ocrx_word' id='word_1_1' title='bbox 718 627 849 695; x_wconf 81' lang='lat'><strong>210</strong></span> <span class='ocrx_word' id='word_1_2' title='bbox 1847 621 2122 689; x_wconf 75' lang='lat' dir='ltr'>Loc4</span> 
     </span>
    </p>
   </div>
   <div class='ocr_carea' id='block_1_2' title="bbox 890 824 3075 909">
    <p class='ocr_par' dir='ltr' id='par_1_2' title="bbox 890 824 3075 909">
     <span class='ocr_line' id='line_1_2' title="bbox 890 824 3075 909; baseline -0.001 -15"><span class='ocrx_word' id='word_1_3' title='bbox 890 848 1036 894; x_wconf 87' lang='lat' dir='ltr'><strong>eum</strong></span> <span class='ocrx_word' id='word_1_4' title='bbox 1080 826 1258 893; x_wconf 84' lang='lat' dir='ltr'><strong>faeta</strong></span> <span class='ocrx_word' id='word_1_5' title='bbox 1302 829 1477 891; x_wconf 75' lang='lat' dir='ltr'><strong>esset</strong></span> <span class='ocrx_word' id='word_1_6' title='bbox 1519 824 1713 891; x_wconf 80' lang='lat' dir='ltr'><strong>famis</strong></span> <span class='ocrx_word' id='word_1_7' title='bbox 2245 845 2443 891; x_wconf 84' lang='lat' dir='ltr'><strong>naum</strong></span> <span class='ocrx_word' id='word_1_8' title='bbox 2490 824 2826 890; x_wconf 78' lang='lat' dir='ltr'><strong>ciuitatem</strong></span> <span class='ocrx_word' id='word_1_9' title='bbox 2870 824 3075 909; x_wconf 76' lang='lat' dir='ltr'><strong>galile</strong></span> 
     </span>
    </p>
   </div>
   <div class='ocr_carea' id='block_1_3' title="bbox 721 973 3046 1062">
    <p class='ocr_par' dir='ltr' id='par_1_3' title="bbox 721 973 3046 1062">
     <span class='ocr_line' id='line_1_3' title="bbox 721 973 3046 1062; baseline -0.002 -16"><span class='ocrx_word' id='word_1_10' title='bbox 721 978 805 1046; x_wconf 81' lang='lat'><strong>26</strong></span> <span class='ocrx_word' id='word_1_11' title='bbox 890 997 1137 1062; x_wconf 83' lang='lat' dir='ltr'><strong>magna</strong></span> <span class='ocrx_word' id='word_1_12' title='bbox 1178 978 1246 1042; x_wconf 91' lang='lat' dir='ltr'><strong>in</strong></span> <span class='ocrx_word' id='word_1_13' title='bbox 1293 977 1470 1044; x_wconf 88' lang='lat' dir='ltr'><strong>omni</strong></span> <span class='ocrx_word' id='word_1_14' title='bbox 1514 983 1693 1043; x_wconf 85' lang='lat' dir='ltr'><strong>terra</strong></span> <span class='ocrx_word' id='word_1_15' title='bbox 1734 981 1801 1041; x_wconf 85' lang='lat' dir='ltr'><strong>et</strong></span> <span class='ocrx_word' id='word_1_16' title='bbox 2248 995 2327 1042; x_wconf 87' lang='lat' dir='ltr'><strong>ae</strong></span> <span class='ocrx_word' id='word_1_17' title='bbox 2369 974 2526 1059; x_wconf 82' lang='lat' dir='ltr'><strong>ibiq&#39;</strong></span> <span class='ocrx_word' id='word_1_18' title='bbox 2571 973 2852 1043; x_wconf 78' lang='lat' dir='ltr'><strong>docebat</strong></span> <span class='ocrx_word' id='word_1_19' title='bbox 2894 974 3046 1042; x_wconf 77' lang='lat' dir='ltr'><strong>illos</strong></span> 
     </span>
    </p>
   </div>
   <div class='ocr_carea' id='block_1_4' title="bbox 893 1125 3068 1256">
    <p class='ocr_par' dir='ltr' id='par_1_4' title="bbox 893 1125 3068 1256">
     <span class='ocr_line' id='line_1_4' title="bbox 893 1125 3068 1256; baseline -0.001 -61"><span class='ocrx_word' id='word_1_20' title='bbox 893 1129 980 1195; x_wconf 88' lang='lat' dir='ltr'><strong>ad</strong></span> <span class='ocrx_word' id='word_1_21' title='bbox 1026 1129 1274 1195; x_wconf 89' lang='lat' dir='ltr'><strong>nullam</strong></span> <span class='ocrx_word' id='word_1_22' title='bbox 1317 1127 1579 1194; x_wconf 85' lang='lat' dir='ltr'><strong>illarum</strong></span> <span class='ocrx_word' id='word_1_23' title='bbox 1620 1127 1745 1193; x_wconf 82' lang='lat' dir='ltr'><strong>mis</strong></span> <span class='ocrx_word' id='word_1_24' title='bbox 2060 1127 2167 1256; x_wconf 55' lang='grc' dir='ltr'><strong>ἓξ</strong></span> <span class='ocrx_word' id='word_1_25' title='bbox 2244 1125 2540 1193; x_wconf 76' lang='lat' dir='ltr'><strong>sabbatis</strong></span> <span class='ocrx_word' id='word_1_26' title='bbox 2585 1127 2669 1192; x_wconf 86' lang='lat' dir='ltr'><strong>Et</strong></span> <span class='ocrx_word' id='word_1_27' title='bbox 2711 1127 3068 1212; x_wconf 76' lang='lat' dir='ltr'><strong>stupebant</strong></span> 
     </span>
    </p>
   </div>
   <div class='ocr_carea' id='block_1_5' title="bbox 2041 1213 2060 1257">
    <p class='ocr_par' dir='ltr' id='par_1_5' title="bbox 2041 1213 2060 1257">
     <span class='ocr_line' id='line_1_5' title="bbox 2041 1213 2060 1257; textangle 90"><span class='ocrx_word' id='word_1_28' title='bbox 2041 1213 2060 1257; x_wconf 54' lang='grc' dir='ltr'><strong>μ</strong></span> 
     </span>
    </p>
   </div>
   <div class='ocr_carea' id='block_1_6' title="bbox 892 1263 3050 1461">
    <p class='ocr_par' dir='ltr' id='par_1_6' title="bbox 892 1263 3050 1461">
     <span class='ocr_line' id='line_1_6' title="bbox 892 1263 3050 1409; baseline -0.003 -58"><span class='ocrx_word' id='word_1_29' title='bbox 892 1299 1003 1352; x_wconf 79' lang='lat' dir='ltr'><strong>sus</strong></span> <span class='ocrx_word' id='word_1_30' title='bbox 1046 1285 1148 1346; x_wconf 74' lang='lat' dir='ltr'><strong>est</strong></span> <span class='ocrx_word' id='word_1_31' title='bbox 1191 1278 1406 1346; x_wconf 77' lang='lat' dir='ltr'><strong>belias</strong></span> <span class='ocrx_word' id='word_1_32' title='bbox 1449 1277 1579 1344; x_wconf 79' lang='lat' dir='ltr'><strong>nisi</strong></span> <span class='ocrx_word' id='word_1_33' title='bbox 1623 1278 1691 1344; x_wconf 86' lang='lat' dir='ltr'><strong>in</strong></span> <span class='ocrx_word' id='word_1_34' title='bbox 1738 1297 1815 1345; x_wconf 76' lang='lat' dir='ltr'><strong>sa</strong></span> <span class='ocrx_word' id='word_1_35' title='bbox 2041 1263 2192 1409; x_wconf 43' lang='grc' dir='ltr'><strong>,ηιξ</strong></span> <span class='ocrx_word' id='word_1_36' title='bbox 2246 1278 2315 1344; x_wconf 84' lang='lat' dir='ltr'><strong>in</strong></span> <span class='ocrx_word' id='word_1_37' title='bbox 2361 1276 2668 1345; x_wconf 78' lang='lat' dir='ltr'><strong>doctrina</strong></span> <span class='ocrx_word' id='word_1_38' title='bbox 2707 1277 2850 1345; x_wconf 76' lang='lat' dir='ltr'><strong>eius</strong></span> <span class='ocrx_word' id='word_1_39' title='bbox 2894 1277 3050 1362; x_wconf 85' lang='lat' dir='ltr'><strong>quia</strong></span> 
     </span>
     <span class='ocr_line' id='line_1_7' title="bbox 2043 1377 2116 1410; baseline 0 0"><span class='ocrx_word' id='word_1_40' title='bbox 2043 1377 2116 1410; x_wconf 73' lang='lat' dir='ltr'><strong>mr</strong></span> 
     </span>
     <span class='ocr_line' id='line_1_8' title="bbox 2043 1415 2167 1461; baseline -0.016 0"><span class='ocrx_word' id='word_1_41' title='bbox 2043 1417 2089 1461; x_wconf 83' lang='grc' dir='ltr'><strong>ἰο</strong></span> <span class='ocrx_word' id='word_1_42' title='bbox 2112 1415 2167 1459; x_wconf 77' lang='grc'><strong>46</strong></span> 
     </span>
    </p>
   </div>
   <div class='ocr_carea' id='block_1_7' title="bbox 894 1427 3037 1519">
    <p class='ocr_par' dir='ltr' id='par_1_7' title="bbox 894 1427 3037 1519">
     <span class='ocr_line' id='line_1_9' title="bbox 894 1427 3037 1519; baseline -0.003 -19"><span class='ocrx_word' id='word_1_43' title='bbox 894 1434 1132 1519; x_wconf 85' lang='lat' dir='ltr'><strong>reptha</strong></span> <span class='ocrx_word' id='word_1_44' title='bbox 1171 1430 1474 1497; x_wconf 80' lang='lat' dir='ltr'><strong>sidoniae</strong></span> <span class='ocrx_word' id='word_1_45' title='bbox 1519 1427 1605 1494; x_wconf 87' lang='lat' dir='ltr'><strong>ad</strong></span> <span class='ocrx_word' id='word_1_46' title='bbox 1650 1448 1759 1494; x_wconf 90' lang='lat' dir='ltr'><strong>mu</strong></span> <span class='ocrx_word' id='word_1_47' title='bbox 2251 1430 2319 1496; x_wconf 87' lang='lat' dir='ltr'><strong>in</strong></span> <span class='ocrx_word' id='word_1_48' title='bbox 2365 1435 2698 1515; x_wconf 77' lang='lat' dir='ltr'><strong>potestate</strong></span> <span class='ocrx_word' id='word_1_49' title='bbox 2745 1437 2887 1495; x_wconf 85' lang='lat' dir='ltr'><strong>erat</strong></span> <span class='ocrx_word' id='word_1_50' title='bbox 2928 1449 3037 1497; x_wconf 82' lang='lat' dir='ltr'><strong>ser</strong></span> 
     </span>
    </p>
   </div>
   <div class='ocr_carea' id='block_1_8' title="bbox 726 1580 3103 1820">
    <p class='ocr_par' dir='ltr' id='par_1_8' title="bbox 726 1580 3103 1820">
     <span class='ocr_line' id='line_1_10' title="bbox 726 1580 3103 1713; baseline -0.003 -61"><span class='ocrx_word' id='word_1_51' title='bbox 726 1587 807 1652; x_wconf 81' lang='lat'><strong>27</strong></span> <span class='ocrx_word' id='word_1_52' title='bbox 895 1585 1126 1652; x_wconf 85' lang='lat' dir='ltr'><strong>lierem</strong></span> <span class='ocrx_word' id='word_1_53' title='bbox 1164 1581 1432 1648; x_wconf 86' lang='lat' dir='ltr'><strong>uiduam</strong></span> <span class='ocrx_word' id='word_1_54' title='bbox 1472 1586 1540 1651; x_wconf 86' lang='lat' dir='ltr'><strong>et</strong></span> <span class='ocrx_word' id='word_1_55' title='bbox 1583 1580 1717 1645; x_wconf 88' lang='lat' dir='ltr'><strong>mul</strong></span> <span class='ocrx_word' id='word_1_56' title='bbox 2043 1583 2167 1713; x_wconf 54' lang='grc' dir='ltr'><strong>ξιξ</strong></span> <span class='ocrx_word' id='word_1_57' title='bbox 2247 1602 2354 1648; x_wconf 90' lang='lat' dir='ltr'><strong>mo</strong></span> <span class='ocrx_word' id='word_1_58' title='bbox 2392 1580 2560 1692; x_wconf 67' lang='lat' dir='ltr'><strong>esus.</strong></span> <span class='ocrx_word' id='word_1_59' title='bbox 2607 1581 2689 1646; x_wconf 73' lang='lat' dir='ltr'><strong>Et</strong></span> <span class='ocrx_word' id='word_1_60' title='bbox 2733 1580 2800 1646; x_wconf 88' lang='lat' dir='ltr'><strong>in</strong></span> <span class='ocrx_word' id='word_1_61' title='bbox 2845 1599 3103 1665; x_wconf 77' lang='lat' dir='ltr'><strong>synago</strong></span> 
     </span>
     <span class='ocr_line' id='line_1_11' title="bbox 895 1721 3063 1820; baseline 0.006 -17"><span class='ocrx_word' id='word_1_62' title='bbox 895 1736 948 1803; x_wconf 79' lang='lat' dir='ltr'><strong>ti</strong></span> <span class='ocrx_word' id='word_1_63' title='bbox 990 1733 1238 1820; x_wconf 80' lang='lat' dir='ltr'><strong>leprosi</strong></span> <span class='ocrx_word' id='word_1_64' title='bbox 1283 1738 1472 1799; x_wconf 84' lang='lat' dir='ltr'><strong>erant</strong></span> <span class='ocrx_word' id='word_1_65' title='bbox 1513 1732 1581 1797; x_wconf 85' lang='lat' dir='ltr'><strong>in</strong></span> <span class='ocrx_word' id='word_1_66' title='bbox 1629 1730 1765 1796; x_wconf 76' lang='lat' dir='ltr'><strong>isra</strong></span> <span class='ocrx_word' id='word_1_67' title='bbox 2046 1721 2194 1815; x_wconf 71' lang='lat' dir='ltr'><strong>mr⁸14</strong></span> <span class='ocrx_word' id='word_1_68' title='bbox 2254 1755 2343 1819; x_wconf 74' lang='lat'><strong>88</strong></span> <span class='ocrx_word' id='word_1_69' title='bbox 2386 1738 2529 1800; x_wconf 60' lang='grc' dir='ltr'><strong>θη*</strong></span> <span class='ocrx_word' id='word_1_70' title='bbox 2570 1732 2767 1799; x_wconf 76' lang='lat' dir='ltr'><strong>h⁰m⁰</strong></span> <span class='ocrx_word' id='word_1_71' title='bbox 2810 1731 3063 1798; x_wconf 59' lang='lat' dir='ltr'><strong>bahem</strong></span> 
     </span>
    </p>
   </div>
   <div class='ocr_carea' id='block_1_9' title="bbox 895 1882 2990 1968">
    <p class='ocr_par' dir='ltr' id='par_1_9' title="bbox 895 1882 2990 1968">
     <span class='ocr_line' id='line_1_12' title="bbox 895 1882 2990 1968; baseline -0.002 -16"><span class='ocrx_word' id='word_1_72' title='bbox 895 1886 1004 1952; x_wconf 88' lang='lat' dir='ltr'><strong>bel</strong></span> <span class='ocrx_word' id='word_1_73' title='bbox 1050 1885 1170 1951; x_wconf 75' lang='lat' dir='ltr'><strong>sub</strong></span> <span class='ocrx_word' id='word_1_74' title='bbox 1213 1882 1467 1951; x_wconf 81' lang='lat' dir='ltr'><strong>heliseo</strong></span> <span class='ocrx_word' id='word_1_75' title='bbox 1510 1882 1762 1968; x_wconf 85' lang='lat' dir='ltr'><strong>prophe</strong></span> <span class='ocrx_word' id='word_1_76' title='bbox 2250 1884 2645 1950; x_wconf 75' lang='lat' dir='ltr'><strong>daemonium</strong></span> <span class='ocrx_word' id='word_1_77' title='bbox 2689 1888 2756 1949; x_wconf 87' lang='lat' dir='ltr'><strong>et</strong></span> <span class='ocrx_word' id='word_1_78' title='bbox 2799 1883 2990 1949; x_wconf 80' lang='lat' dir='ltr'><strong>exela</strong></span> 
     </span>
    </p>
   </div>
   <div class='ocr_carea' id='block_1_10' title="bbox 897 2001 3112 2273">
    <p class='ocr_par' dir='ltr' id='par_1_10' title="bbox 897 2001 3112 2273">
     <span class='ocr_line' id='line_1_13' title="bbox 899 2001 3058 2120; baseline -0.001 -18"><span class='ocrx_word' id='word_1_79' title='bbox 899 2044 971 2102; x_wconf 90' lang='lat' dir='ltr'><strong>ta</strong></span> <span class='ocrx_word' id='word_1_80' title='bbox 1012 2042 1080 2103; x_wconf 89' lang='lat' dir='ltr'><strong>et</strong></span> <span class='ocrx_word' id='word_1_81' title='bbox 1126 2001 1321 2102; x_wconf 75' lang='lat' dir='ltr'><strong>netno</strong></span> <span class='ocrx_word' id='word_1_82' title='bbox 1367 2036 1527 2102; x_wconf 78' lang='lat' dir='ltr'><strong>eoru</strong></span> <span class='ocrx_word' id='word_1_83' title='bbox 1574 2035 1820 2100; x_wconf 81' lang='lat' dir='ltr'><strong>munda</strong></span> <span class='ocrx_word' id='word_1_84' title='bbox 2074 2038 2161 2103; x_wconf 85' lang='lat'><strong>34</strong></span> <span class='ocrx_word' id='word_1_85' title='bbox 2245 2036 2452 2104; x_wconf 87' lang='lat' dir='ltr'><strong>mauit</strong></span> <span class='ocrx_word' id='word_1_86' title='bbox 2494 2055 2657 2102; x_wconf 83' lang='lat' dir='ltr'><strong>uooe</strong></span> <span class='ocrx_word' id='word_1_87' title='bbox 2700 2054 2947 2120; x_wconf 81' lang='lat' dir='ltr'><strong>magna</strong></span> <span class='ocrx_word' id='word_1_88' title='bbox 2989 2033 3058 2100; x_wconf 84' lang='lat' dir='ltr'><strong>di</strong></span> 
     </span>
     <span class='ocr_line' id='line_1_14' title="bbox 897 2185 3112 2273; baseline -0.002 -19"><span class='ocrx_word' id='word_1_89' title='bbox 897 2195 1005 2255; x_wconf 72' lang='lat' dir='ltr'><strong>tun</strong></span> <span class='ocrx_word' id='word_1_90' title='bbox 1028 2186 1152 2254; x_wconf 73' lang='lat' dir='ltr'><strong>&#39;est</strong></span> <span class='ocrx_word' id='word_1_91' title='bbox 1194 2186 1324 2253; x_wconf 79' lang='lat' dir='ltr'><strong>nisi</strong></span> <span class='ocrx_word' id='word_1_92' title='bbox 1368 2205 1605 2253; x_wconf 88' lang='lat' dir='ltr'><strong>neman</strong></span> <span class='ocrx_word' id='word_1_93' title='bbox 1652 2204 1734 2271; x_wconf 75' lang='lat' dir='ltr'><strong>sy</strong></span> <span class='ocrx_word' id='word_1_94' title='bbox 2252 2208 2406 2255; x_wconf 81' lang='lat' dir='ltr'><strong>oens</strong></span> <span class='ocrx_word' id='word_1_95' title='bbox 2451 2187 2605 2273; x_wconf 86' lang='lat' dir='ltr'><strong>quid</strong></span> <span class='ocrx_word' id='word_1_96' title='bbox 2651 2186 2841 2254; x_wconf 75' lang='lat' dir='ltr'><strong>nobis</strong></span> <span class='ocrx_word' id='word_1_97' title='bbox 2883 2193 2951 2253; x_wconf 89' lang='lat' dir='ltr'><strong>et</strong></span> <span class='ocrx_word' id='word_1_98' title='bbox 2991 2185 3112 2251; x_wconf 87' lang='lat' dir='ltr'><strong>tibi</strong></span> 
     </span>
    </p>
   </div>
   <div class='ocr_carea' id='block_1_11' title="bbox 2251 2337 3024 2405">
    <p class='ocr_par' dir='ltr' id='par_1_11' title="bbox 2251 2337 3024 2405">
     <span class='ocr_line' id='line_1_15' title="bbox 2251 2337 3024 2405; baseline -0.003 -1"><span class='ocrx_word' id='word_1_99' title='bbox 2251 2338 2367 2405; x_wconf 74' lang='lat' dir='ltr'><strong>ihu</strong></span> <span class='ocrx_word' id='word_1_100' title='bbox 2412 2359 2738 2405; x_wconf 81' lang='lat' dir='ltr'><strong>nazarene</strong></span> <span class='ocrx_word' id='word_1_101' title='bbox 2781 2337 3024 2404; x_wconf 81' lang='lat' dir='ltr'><strong>uenisti</strong></span> 
     </span>
    </p>
   </div>
   <div class='ocr_carea' id='block_1_12' title="bbox 735 4150 812 4216">
    <p class='ocr_par' dir='ltr' id='par_1_12' title="bbox 735 4150 812 4216">
     <span class='ocr_line' id='line_1_16' title="bbox 735 4150 812 4216; baseline -0.039 0"><span class='ocrx_word' id='word_1_102' title='bbox 735 4150 812 4216; x_wconf 85' lang='lat'><strong>31</strong></span> 
     </span>
    </p>
   </div>
   <div class='ocr_carea' id='block_1_13' title="bbox 735 4285 883 4429">
    <p class='ocr_par' dir='ltr' id='par_1_13' title="bbox 735 4285 883 4429">
     <span class='ocr_line' id='line_1_17' title="bbox 735 4285 858 4329; baseline -0.008 0"><span class='ocrx_word' id='word_1_103' title='bbox 735 4286 781 4329; x_wconf 79' lang='lat' dir='ltr'><strong>le</strong></span> <span class='ocrx_word' id='word_1_104' title='bbox 806 4285 858 4328; x_wconf 63' lang='grc' dir='ltr'><strong><em>Β</em></strong></span> 
     </span>
     <span class='ocr_line' id='line_1_18' title="bbox 738 4383 883 4429; baseline -0.014 0"><span class='ocrx_word' id='word_1_105' title='bbox 738 4390 803 4429; x_wconf 84' lang='lat' dir='ltr'><strong>mt</strong></span> <span class='ocrx_word' id='word_1_106' title='bbox 830 4383 883 4427; x_wconf 82' lang='lat'><strong>12</strong></span> 
     </span>
    </p>
   </div>
   <div class='ocr_carea' id='block_1_14' title="bbox 730 2338 1745 2424">
    <p class='ocr_par' dir='ltr' id='par_1_14' title="bbox 730 2338 1745 2424">
     <span class='ocr_line' id='line_1_19' title="bbox 730 2338 1745 2424; baseline -0.007 -15"><span class='ocrx_word' id='word_1_107' title='bbox 730 2343 814 2409; x_wconf 84' lang='lat'><strong>28</strong></span> <span class='ocrx_word' id='word_1_108' title='bbox 898 2361 1010 2408; x_wconf 80' lang='lat' dir='ltr'><strong>rus</strong></span> <span class='ocrx_word' id='word_1_109' title='bbox 1053 2346 1120 2407; x_wconf 87' lang='lat' dir='ltr'><strong>et</strong></span> <span class='ocrx_word' id='word_1_110' title='bbox 1163 2338 1398 2424; x_wconf 83' lang='lat' dir='ltr'><strong>repleti</strong></span> <span class='ocrx_word' id='word_1_111' title='bbox 1442 2343 1595 2404; x_wconf 78' lang='lat' dir='ltr'><strong>sunt</strong></span> <span class='ocrx_word' id='word_1_112' title='bbox 1639 2357 1745 2403; x_wconf 90' lang='lat' dir='ltr'><strong>om</strong></span> 
     </span>
    </p>
   </div>
   <div class='ocr_carea' id='block_1_15' title="bbox 901 2488 1851 4065">
    <p class='ocr_par' dir='ltr' id='par_1_15' title="bbox 901 2488 1851 4065">
     <span class='ocr_line' id='line_1_20' title="bbox 901 2488 1851 2578; baseline -0.005 -20"><span class='ocrx_word' id='word_1_113' title='bbox 901 2511 1018 2558; x_wconf 78' lang='lat' dir='ltr'><strong>nes</strong></span> <span class='ocrx_word' id='word_1_114' title='bbox 1063 2491 1130 2557; x_wconf 89' lang='lat' dir='ltr'><strong>in</strong></span> <span class='ocrx_word' id='word_1_115' title='bbox 1172 2510 1521 2576; x_wconf 75' lang='lat' dir='ltr'><strong>synagoga</strong></span> <span class='ocrx_word' id='word_1_116' title='bbox 1563 2488 1664 2556; x_wconf 82' lang='lat' dir='ltr'><strong>ira</strong></span> <span class='ocrx_word' id='word_1_117' title='bbox 1706 2488 1851 2578; x_wconf 53' lang='lat' dir='ltr'><strong>haee</strong></span> 
     </span>
     <span class='ocr_line' id='line_1_21' title="bbox 902 2642 1665 2709; baseline -0.003 -1"><span class='ocrx_word' id='word_1_118' title='bbox 902 2642 1263 2709; x_wconf 76' lang='lat' dir='ltr'><strong>audientes.</strong></span> <span class='ocrx_word' id='word_1_119' title='bbox 1311 2642 1395 2706; x_wconf 81' lang='lat' dir='ltr'><strong>Et</strong></span> <span class='ocrx_word' id='word_1_120' title='bbox 1435 2660 1665 2707; x_wconf 80' lang='lat' dir='ltr'><strong>surrex</strong></span> 
     </span>
     <span class='ocr_line' id='line_1_22' title="bbox 901 2791 1732 2861; baseline -0.007 0"><span class='ocrx_word' id='word_1_121' title='bbox 901 2799 1089 2861; x_wconf 88' lang='lat' dir='ltr'><strong>erunt</strong></span> <span class='ocrx_word' id='word_1_122' title='bbox 1126 2799 1195 2860; x_wconf 84' lang='lat' dir='ltr'><strong>et</strong></span> <span class='ocrx_word' id='word_1_123' title='bbox 1237 2792 1568 2859; x_wconf 76' lang='lat' dir='ltr'><strong>eiecerunt</strong></span> <span class='ocrx_word' id='word_1_124' title='bbox 1611 2791 1732 2856; x_wconf 77' lang='grc' dir='ltr'><strong>ἰ11ΐι</strong></span> 
     </span>
     <span class='ocr_line' id='line_1_23' title="bbox 901 2941 1754 3010; baseline -0.001 -1"><span class='ocrx_word' id='word_1_125' title='bbox 901 2950 1089 3010; x_wconf 82' lang='lat' dir='ltr'><strong>extra</strong></span> <span class='ocrx_word' id='word_1_126' title='bbox 1130 2943 1465 3009; x_wconf 78' lang='lat' dir='ltr'><strong>ciuitatem</strong></span> <span class='ocrx_word' id='word_1_127' title='bbox 1514 2948 1581 3009; x_wconf 86' lang='lat' dir='ltr'><strong>et</strong></span> <span class='ocrx_word' id='word_1_128' title='bbox 1619 2941 1754 3008; x_wconf 82' lang='lat' dir='ltr'><strong>dux</strong></span> 
     </span>
     <span class='ocr_line' id='line_1_24' title="bbox 901 3072 1745 3176; baseline -0.004 -14"><span class='ocrx_word' id='word_1_129' title='bbox 901 3100 1090 3162; x_wconf 82' lang='lat' dir='ltr'><strong>erunt</strong></span> <span class='ocrx_word' id='word_1_130' title='bbox 1131 3093 1316 3160; x_wconf 83' lang='lat' dir='ltr'><strong>illum</strong></span> <span class='ocrx_word' id='word_1_131' title='bbox 1358 3072 1495 3176; x_wconf 75' lang='lat' dir='ltr'><strong>usq&#39;</strong></span> <span class='ocrx_word' id='word_1_132' title='bbox 1539 3094 1625 3160; x_wconf 88' lang='lat' dir='ltr'><strong>ad</strong></span> <span class='ocrx_word' id='word_1_133' title='bbox 1670 3113 1745 3159; x_wconf 77' lang='lat' dir='ltr'><strong>su</strong></span> 
     </span>
     <span class='ocr_line' id='line_1_25' title="bbox 902 3230 1757 3332; baseline -0.006 -19"><span class='ocrx_word' id='word_1_134' title='bbox 902 3245 1178 3332; x_wconf 68' lang='lat' dir='ltr'><strong>peronia</strong></span> <span class='ocrx_word' id='word_1_135' title='bbox 1222 3244 1465 3310; x_wconf 80' lang='lat' dir='ltr'><strong>montis</strong></span> <span class='ocrx_word' id='word_1_136' title='bbox 1505 3263 1702 3330; x_wconf 81' lang='lat' dir='ltr'><strong>super</strong></span> <span class='ocrx_word' id='word_1_137' title='bbox 1750 3230 1757 3235; x_wconf 44' lang='lat'><em>⁶</em></span> 
     </span>
     <span class='ocr_line' id='line_1_26' title="bbox 902 3394 1675 3482; baseline -0.003 -17"><span class='ocrx_word' id='word_1_138' title='bbox 902 3417 1094 3482; x_wconf 86' lang='lat' dir='ltr'><strong>quem</strong></span> <span class='ocrx_word' id='word_1_139' title='bbox 1137 3394 1370 3463; x_wconf 76' lang='lat' dir='ltr'><strong>ciuitas</strong></span> <span class='ocrx_word' id='word_1_140' title='bbox 1417 3395 1675 3463; x_wconf 87' lang='lat' dir='ltr'><strong>illorum</strong></span> 
     </span>
     <span class='ocr_line' id='line_1_27' title="bbox 903 3547 1753 3633; baseline -0.001 -21"><span class='ocrx_word' id='word_1_141' title='bbox 903 3554 1048 3615; x_wconf 87' lang='lat' dir='ltr'><strong>erat</strong></span> <span class='ocrx_word' id='word_1_142' title='bbox 1090 3548 1419 3615; x_wconf 78' lang='lat' dir='ltr'><strong>aedifioata</strong></span> <span class='ocrx_word' id='word_1_143' title='bbox 1459 3555 1531 3615; x_wconf 92' lang='lat' dir='ltr'><strong>ut</strong></span> <span class='ocrx_word' id='word_1_144' title='bbox 1573 3547 1753 3633; x_wconf 78' lang='lat' dir='ltr'><strong>preci</strong></span> 
     </span>
     <span class='ocr_line' id='line_1_28' title="bbox 903 3648 1762 3784; baseline 0 -21"><span class='ocrx_word' id='word_1_145' title='bbox 903 3685 1191 3782; x_wconf 82' lang='lat' dir='ltr'><strong>pitareut</strong></span> <span class='ocrx_word' id='word_1_146' title='bbox 1232 3719 1377 3765; x_wconf 88' lang='lat' dir='ltr'><strong>eum</strong></span> <span class='ocrx_word' id='word_1_147' title='bbox 1422 3648 1566 3784; x_wconf 54' lang='lat' dir='ltr'><strong>ipae</strong></span> <span class='ocrx_word' id='word_1_148' title='bbox 1612 3704 1762 3765; x_wconf 77' lang='lat' dir='ltr'><strong>aute</strong></span> 
     </span>
     <span class='ocr_line' id='line_1_29' title="bbox 904 3847 1657 3932; baseline 0 -21"><span class='ocrx_word' id='word_1_149' title='bbox 904 3847 1232 3914; x_wconf 74' lang='lat' dir='ltr'><strong>transiens</strong></span> <span class='ocrx_word' id='word_1_150' title='bbox 1275 3868 1396 3932; x_wconf 89' lang='lat' dir='ltr'><strong>per</strong></span> <span class='ocrx_word' id='word_1_151' title='bbox 1434 3847 1657 3913; x_wconf 73' lang='lat' dir='ltr'><strong>medin</strong></span> 
     </span>
     <span class='ocr_line' id='line_1_30' title="bbox 905 3997 1349 4065; baseline 0 -2"><span class='ocrx_word' id='word_1_152' title='bbox 905 3998 1163 4065; x_wconf 83' lang='lat' dir='ltr'><strong>illorum</strong></span> <span class='ocrx_word' id='word_1_153' title='bbox 1210 3997 1349 4065; x_wconf 83' lang='lat' dir='ltr'><strong>ibat</strong></span> 
     </span>
    </p>
   </div>
   <div class='ocr_carea' id='block_1_16' title="bbox 905 4148 1780 4234">
    <p class='ocr_par' dir='ltr' id='par_1_16' title="bbox 905 4148 1780 4234">
     <span class='ocr_line' id='line_1_31' title="bbox 905 4148 1780 4234; baseline 0.003 -21"><span class='ocrx_word' id='word_1_154' title='bbox 905 4149 989 4215; x_wconf 86' lang='lat' dir='ltr'><strong>Et</strong></span> <span class='ocrx_word' id='word_1_155' title='bbox 1031 4148 1375 4217; x_wconf 80' lang='lat' dir='ltr'><strong>deseendit</strong></span> <span class='ocrx_word' id='word_1_156' title='bbox 1420 4150 1486 4215; x_wconf 87' lang='lat' dir='ltr'><strong>iu</strong></span> <span class='ocrx_word' id='word_1_157' title='bbox 1532 4151 1780 4234; x_wconf 84' lang='lat' dir='ltr'><strong>eapbar</strong></span> 
     </span>
    </p>
   </div>
   <div class='ocr_carea' id='block_1_17' title="bbox 2252 2488 3140 2576">
    <p class='ocr_par' dir='ltr' id='par_1_17' title="bbox 2252 2488 3140 2576">
     <span class='ocr_line' id='line_1_32' title="bbox 2252 2488 3140 2576; baseline -0.005 -19"><span class='ocrx_word' id='word_1_158' title='bbox 2252 2491 2530 2576; x_wconf 75' lang='lat' dir='ltr'><strong>perdere</strong></span> <span class='ocrx_word' id='word_1_159' title='bbox 2569 2509 2691 2556; x_wconf 69' lang='lat' dir='ltr'><strong>nos</strong></span> <span class='ocrx_word' id='word_1_160' title='bbox 2732 2488 2874 2555; x_wconf 76' lang='lat' dir='ltr'><strong>seio</strong></span> <span class='ocrx_word' id='word_1_161' title='bbox 2917 2494 2984 2555; x_wconf 85' lang='lat' dir='ltr'><strong>te</strong></span> <span class='ocrx_word' id='word_1_162' title='bbox 3029 2488 3140 2572; x_wconf 80' lang='lat' dir='ltr'><strong>qvi</strong></span> 
     </span>
    </p>
   </div>
   <div class='ocr_carea' id='block_1_18' title="bbox 2075 2639 3125 2726">
    <p class='ocr_par' dir='ltr' id='par_1_18' title="bbox 2075 2639 3125 2726">
     <span class='ocr_line' id='line_1_33' title="bbox 2075 2639 3125 2726; baseline -0.002 -19"><span class='ocrx_word' id='word_1_163' title='bbox 2075 2642 2160 2706; x_wconf 83' lang='lat'><strong>35</strong></span> <span class='ocrx_word' id='word_1_164' title='bbox 2245 2641 2338 2707; x_wconf 80' lang='lat' dir='ltr'><strong>sis</strong></span> <span class='ocrx_word' id='word_1_165' title='bbox 2384 2647 2488 2707; x_wconf 66' lang='lat' dir='ltr'><strong>see</strong></span> <span class='ocrx_word' id='word_1_166' title='bbox 2532 2640 2603 2706; x_wconf 84' lang='lat' dir='ltr'><strong>di</strong></span> <span class='ocrx_word' id='word_1_167' title='bbox 2648 2646 2714 2707; x_wconf 87' lang='lat' dir='ltr'><strong>et</strong></span> <span class='ocrx_word' id='word_1_168' title='bbox 2756 2639 3125 2726; x_wconf 82' lang='lat' dir='ltr'><strong>inorepauit</strong></span> 
     </span>
    </p>
   </div>
   <div class='ocr_carea' id='block_1_19' title="bbox 2250 2791 3166 3181">
    <p class='ocr_par' dir='ltr' id='par_1_19' title="bbox 2250 2791 3166 3181">
     <span class='ocr_line' id='line_1_34' title="bbox 2251 2791 3166 2859; baseline 0 -2"><span class='ocrx_word' id='word_1_169' title='bbox 2251 2792 2436 2859; x_wconf 91' lang='lat' dir='ltr'><strong>illum</strong></span> <span class='ocrx_word' id='word_1_170' title='bbox 2479 2791 2777 2859; x_wconf 75' lang='lat' dir='ltr'><strong>«dicens»</strong></span> <span class='ocrx_word' id='word_1_171' title='bbox 2821 2791 2927 2857; x_wconf 65' lang='lat' dir='ltr'><strong>ibe</strong></span> <span class='ocrx_word' id='word_1_172' title='bbox 2971 2791 3166 2858; x_wconf 89' lang='lat' dir='ltr'><strong>obmu</strong></span> 
     </span>
     <span class='ocr_line' id='line_1_35' title="bbox 2250 2933 3094 3011; baseline -0.001 -2"><span class='ocrx_word' id='word_1_173' title='bbox 2250 2950 2430 3011; x_wconf 83' lang='lat' dir='ltr'><strong>tesee</strong></span> <span class='ocrx_word' id='word_1_174' title='bbox 2475 2933 2542 3010; x_wconf 82' lang='lat' dir='ltr'><strong>et</strong></span> <span class='ocrx_word' id='word_1_175' title='bbox 2584 2944 2691 3011; x_wconf 82' lang='lat' dir='ltr'><strong>exi</strong></span> <span class='ocrx_word' id='word_1_176' title='bbox 2738 2944 2822 3011; x_wconf 88' lang='lat' dir='ltr'><strong>ab</strong></span> <span class='ocrx_word' id='word_1_177' title='bbox 2864 2943 2983 3009; x_wconf 84' lang='lat' dir='ltr'><strong>illo</strong></span> <span class='ocrx_word' id='word_1_178' title='bbox 3026 2949 3094 3009; x_wconf 89' lang='lat' dir='ltr'><strong>et</strong></span> 
     </span>
     <span class='ocr_line' id='line_1_36' title="bbox 2250 3094 3018 3181; baseline -0.005 -19"><span class='ocrx_word' id='word_1_179' title='bbox 2250 3113 2397 3162; x_wconf 86' lang='lat' dir='ltr'><strong>eum</strong></span> <span class='ocrx_word' id='word_1_180' title='bbox 2442 3094 2831 3181; x_wconf 77' lang='lat' dir='ltr'><strong>proieciseet</strong></span> <span class='ocrx_word' id='word_1_181' title='bbox 2873 3114 3018 3160; x_wconf 87' lang='lat' dir='ltr'><strong>eum</strong></span> 
     </span>
    </p>
   </div>
   <div class='ocr_carea' id='block_1_20' title="bbox 2250 3244 3147 3480">
    <p class='ocr_par' dir='ltr' id='par_1_20' title="bbox 2250 3244 3147 3480">
     <span class='ocr_line' id='line_1_37' title="bbox 2250 3244 3089 3312; baseline -0.004 0"><span class='ocrx_word' id='word_1_182' title='bbox 2250 3246 2643 3312; x_wconf 80' lang='lat' dir='ltr'><strong>daemouium</strong></span> <span class='ocrx_word' id='word_1_183' title='bbox 2689 3245 2756 3311; x_wconf 86' lang='lat' dir='ltr'><strong>in</strong></span> <span class='ocrx_word' id='word_1_184' title='bbox 2803 3244 3089 3311; x_wconf 82' lang='lat' dir='ltr'><strong>medium</strong></span> 
     </span>
     <span class='ocr_line' id='line_1_38' title="bbox 2252 3393 3147 3480; baseline -0.006 -17"><span class='ocrx_word' id='word_1_185' title='bbox 2252 3397 2415 3464; x_wconf 84' lang='lat' dir='ltr'><strong>exiit</strong></span> <span class='ocrx_word' id='word_1_186' title='bbox 2458 3397 2542 3464; x_wconf 82' lang='lat' dir='ltr'><strong>ab</strong></span> <span class='ocrx_word' id='word_1_187' title='bbox 2585 3396 2707 3463; x_wconf 85' lang='lat' dir='ltr'><strong>illo</strong></span> <span class='ocrx_word' id='word_1_188' title='bbox 2752 3396 2980 3480; x_wconf 80' lang='lat' dir='ltr'><strong>nibilq&#39;</strong></span> <span class='ocrx_word' id='word_1_189' title='bbox 3023 3393 3147 3460; x_wconf 71' lang='lat' dir='ltr'><strong>mu</strong></span> 
     </span>
    </p>
   </div>
   <div class='ocr_carea' id='block_1_21' title="bbox 2077 3548 2982 3615">
    <p class='ocr_par' dir='ltr' id='par_1_21' title="bbox 2077 3548 2982 3615">
     <span class='ocr_line' id='line_1_39' title="bbox 2077 3548 2982 3615; baseline -0.001 -1"><span class='ocrx_word' id='word_1_190' title='bbox 2077 3549 2163 3614; x_wconf 90' lang='grc'><strong>36</strong></span> <span class='ocrx_word' id='word_1_191' title='bbox 2248 3549 2470 3614; x_wconf 76' lang='lat' dir='ltr'><strong>nocuit</strong></span> <span class='ocrx_word' id='word_1_192' title='bbox 2513 3556 2582 3615; x_wconf 90' lang='lat' dir='ltr'><strong>et</strong></span> <span class='ocrx_word' id='word_1_193' title='bbox 2622 3548 2833 3615; x_wconf 79' lang='lat' dir='ltr'><strong>faetus</strong></span> <span class='ocrx_word' id='word_1_194' title='bbox 2879 3554 2982 3614; x_wconf 77' lang='lat' dir='ltr'><strong>eet</strong></span> 
     </span>
    </p>
   </div>
   <div class='ocr_carea' id='block_1_22' title="bbox 2252 3698 3135 3933">
    <p class='ocr_par' dir='ltr' id='par_1_22' title="bbox 2252 3698 3135 3933">
     <span class='ocr_line' id='line_1_40' title="bbox 2254 3698 3135 3783; baseline -0.005 -17"><span class='ocrx_word' id='word_1_195' title='bbox 2254 3718 2463 3783; x_wconf 87' lang='lat' dir='ltr'><strong>pauor</strong></span> <span class='ocrx_word' id='word_1_196' title='bbox 2502 3700 2571 3765; x_wconf 87' lang='lat' dir='ltr'><strong>iu</strong></span> <span class='ocrx_word' id='word_1_197' title='bbox 2620 3698 2858 3765; x_wconf 87' lang='lat' dir='ltr'><strong>omnib&#39;</strong></span> <span class='ocrx_word' id='word_1_198' title='bbox 2903 3704 2969 3765; x_wconf 87' lang='lat' dir='ltr'><strong>et</strong></span> <span class='ocrx_word' id='word_1_199' title='bbox 3012 3717 3135 3763; x_wconf 82' lang='lat' dir='ltr'><strong>oon</strong></span> 
     </span>
     <span class='ocr_line' id='line_1_41' title="bbox 2252 3848 3072 3933; baseline 0.002 -20"><span class='ocrx_word' id='word_1_200' title='bbox 2252 3850 2686 3933; x_wconf 81' lang='lat' dir='ltr'><strong>loquebantur</strong></span> <span class='ocrx_word' id='word_1_201' title='bbox 2726 3848 2813 3915; x_wconf 86' lang='lat' dir='ltr'><strong>ad</strong></span> <span class='ocrx_word' id='word_1_202' title='bbox 2856 3849 3072 3915; x_wconf 77' lang='lat' dir='ltr'><strong>iuuioe</strong></span> 
     </span>
    </p>
   </div>
   <div class='ocr_carea' id='block_1_23' title="bbox 2256 4000 3082 4085">
    <p class='ocr_par' dir='ltr' id='par_1_23' title="bbox 2256 4000 3082 4085">
     <span class='ocr_line' id='line_1_42' title="bbox 2256 4000 3082 4085; baseline 0 -19"><span class='ocrx_word' id='word_1_203' title='bbox 2256 4000 2551 4067; x_wconf 77' lang='lat' dir='ltr'><strong>dieentes</strong></span> <span class='ocrx_word' id='word_1_204' title='bbox 2595 4000 2767 4085; x_wconf 83' lang='lat' dir='ltr'><strong>quod</strong></span> <span class='ocrx_word' id='word_1_205' title='bbox 2813 4006 2916 4068; x_wconf 73' lang='lat' dir='ltr'><strong>eet</strong></span> <span class='ocrx_word' id='word_1_206' title='bbox 2956 4001 3082 4067; x_wconf 82' lang='lat' dir='ltr'><strong>boe</strong></span> 
     </span>
    </p>
   </div>
   <div class='ocr_carea' id='block_1_24' title="bbox 2257 4151 3067 4236">
    <p class='ocr_par' dir='ltr' id='par_1_24' title="bbox 2257 4151 3067 4236">
     <span class='ocr_line' id='line_1_43' title="bbox 2257 4151 3067 4236; baseline 0.002 -20"><span class='ocrx_word' id='word_1_207' title='bbox 2257 4151 2521 4218; x_wconf 83' lang='lat' dir='ltr'><strong>uerbum</strong></span> <span class='ocrx_word' id='word_1_208' title='bbox 2568 4153 2724 4236; x_wconf 82' lang='lat' dir='ltr'><strong>quia</strong></span> <span class='ocrx_word' id='word_1_209' title='bbox 2766 4152 2834 4217; x_wconf 85' lang='lat' dir='ltr'><strong>in</strong></span> <span class='ocrx_word' id='word_1_210' title='bbox 2879 4158 3067 4236; x_wconf 77' lang='lat' dir='ltr'><strong>potes</strong></span> 
     </span>
    </p>
   </div>
   <div class='ocr_carea' id='block_1_25' title="bbox 3609 3120 3620 4211">
    <p class='ocr_par' dir='ltr' id='par_1_25' title="bbox 3609 3120 3620 4211">
     <span class='ocr_line' id='line_1_44' title="bbox 3609 3120 3620 4211; baseline 0 0"><span class='ocrx_word' id='word_1_211' title='bbox 3609 3120 3620 4211; x_wconf 95' lang='lat' dir='ltr'><strong> </strong></span> 
     </span>
    </p>
   </div>
  </div>
 </body>
</html>
