3634 5717
930 840 1024 906 tui
1069 837 1638 923 transgrediuntur

931 991 1354 1057 traditionem
1401 989 1586 1057 senio

934 1163 1076 1209 rum
1122 1162 1252 1208 non
1299 1154 1407 1209 eni
1453 1142 1683 1208 labant

934 1313 1164 1359 manus
1208 1313 1361 1359 svas
1402 1295 1482 1358 οἵ]
1524 1286 1697 1377 pane

931 1446 1331 1512 manducant
1371 1445 1513 1528 ipse
1560 1450 1711 1510 avte

929 1596 1338 1680 respondens
1387 1597 1481 1663 ait
1527 1597 1571 1661 il

929 1748 1012 1813 lis
1059 1769 1260 1832 quare
1306 1755 1374 1814 et
1417 1768 1534 1813 uos
1580 1756 1683 1813 tra

930 1898 1365 1983 negredimini
1410 1899 1654 1966 manda

886 2071 890 2075 ⁴
931 2058 1065 2116 tum
1108 2051 1177 2115 di
1222 2026 1491 2137 propter

929 2204 1284 2270 traditione
1330 2211 1548 2270 uestra

931 2377 1083 2422 nam
1132 2355 1209 2420 de
1256 2356 1426 2422 dixit
1469 2358 1722 2424 honora

926 2488 1114 2591 patre
1167 2514 1234 2572 et
1278 2514 1484 2575 matre
1533 2516 1598 2576 et
1643 2510 1751 2593 qui

928 2658 1345 2725 maledixerit
1386 2662 1559 2746 patri

888 2810 1032 2875 ‚uel
1081 2810 1271 2876 matri
1317 2819 1523 2877 morte
1570 2827 1662 2877 m0

933 2960 1137 3026 riatur
1181 2980 1299 3026 uos
1344 2969 1495 3028 aute
1522 2963 1606 3027 -di

926 3112 1089 3179 cetis
1135 3112 1387 3195 qvicirq'
1432 3113 1674 3181 dixerit

918 3264 1095 3350 patri
1141 3265 1245 3331 uel
1292 3265 1483 3331 matri
1531 3286 1636 3332 mu

928 3436 1048 3481 nus
1094 3415 1413 3500 quodcfiq'
1457 3438 1538 3484 ex
1584 3439 1686 3483 me

800 3577 841 3637 6
928 3567 1047 3633 tibi
1095 3569 1387 3653 proderit
1431 3576 1497 3635 et
1539 3591 1670 3636 non

924 3721 1382 3788 honorificauit
1426 3742 1514 3805 pa

925 3880 1090 3939 trem
1125 3877 1245 3940 suli
1294 3879 1407 3940 aut
1451 3879 1658 3938 matre

786 4044 803 4059 ³
924 4036 1042 4089 sua
1086 4031 1152 4090 et
1194 4024 1382 4089 irritt‘i
1429 4024 1590 4089 fecis

918 4173 1004 4239 tis
1052 4175 1455 4267 mandatum(
1478 4174 1547 4239 di
1594 4195 1758 4258 prop

917 4331 1017 4392 ter
1061 4326 1416 4393 traditione
1462 4347 1576 4393 ues

791 4467 827 4541 ’7
916 4485 1013 4542 trae'i
1061 4478 1409 4563 hyp'critae
1454 4480 1621 4544 bene

1184 4631 1605 4716 prophetauit

1846 636 2257 704 Mtc15·

2091 1899 2168 1964 10

1962 2361 2158 2447 ⁸11

2083 3117 2161 3183 12

2045 3208 2110 3245 mt
2139 3203 2214 3244 155

2095 3254 2145 3296 10

2082 3882 2156 3948 13

2257 838 2339 905 de
2382 839 2572 905 uobis
2613 838 2831 905 esaias
2878 838 3025 907 dice

2255 1011 2333 1056 ns
2379 991 2660 1075 populvs
2705 991 2814 1056 hic
2857 992 3052 1057 labiis

2259 1162 2363 1208 me
2408 1142 2690 1208 honorat
2735 1163 2845 1208 cor
2896 1150 3048 1209 aute

2259 1295 2416 1358 eorfi
2462 1292 2660 1377 longe
2706 1300 2806 1359 est
2850 1315 2892 1359 a
2935 1310 3027 1358 m·³

2256 1445 2399 1511 sine
2445 1463 2647 1510 causa
2691 1451 2843 1512 aute
2882 1465 2959 1511 co

2256 1597 2398 1662 lunt
2443 1617 2546 1663 me
2592 1596 2903 1662 docentes

2256 1748 2590 1815 doctrinas
2636 1754 2703 1814 et
2746 1769 2894 1814 man

2254 1898 2414 1965 data
2455 1899 2725 1964 hominii
2768 1906 2832 1965 et
2873 1921 2991 1966 con

2253 2050 2507 2148 uocatis
2554 2050 2638 2119 ad
2684 2071 2756 2117 se
2796 2058 2900 2117 tur

2255 2203 2356 2268 bis
2401 2203 2571 2269 dixit
2614 2205 2710 2269 eis
2757 2203 2980 2270 audite

2255 2361 2321 2420 et
2364 2355 2732 2439 intellegite
2778 2376 2905 2422 non

2253 2505 2427 2589 quod
2471 2506 2674 2573 intrat
2719 2507 2782 2571 in
2832 2528 2905 2573 os

2251 2659 2633 2742 coinquinat
2677 2659 2943 2725 homine

2252 2811 2370 2876 sed
2418 2811 2589 2894 quod
2635 2811 2932 2894 procedit

2254 2964 2634 3046 coinquinat
2676 2963 2851 3029 homi

2250 3123 2332 3180 ne
2380 3116 2567 3180 Tunc
2610 3115 2895 3182 acceden

2249 3273 2346 3332 tes
2392 3266 2701 3352 discipuli
2747 3268 2886 3333 eius

2249 3417 2554 3485 dixerunt
2597 3420 2856 3526 eiSCseis

2247 3569 2403 3653 quia
2446 3570 2756 3654 pharisaei
2804 3570 2956 3637 audi

2246 3728 2313 3788 to
2359 3721 2482 3789 hoc
2524 3725 2724 3789 uerbo
2767 3742 2923 3789 scan

2216 3874 2514 3965 'dalizati
2559 3882 2710 3940 sunt
2754 3881 2823 3941 at
2869 3875 2913 3939 il

2244 4027 2308 4093 le
2351 4028 2760 4112 respondens
2805 4028 2900 4094 ait

2244 4181 2456 4245 omnis
2500 4180 2822 4264 plantatio
2862 4179 2968 4263 qvi

2242 4352 2372 4396 non
2420 4332 2748 4414 plantauit
2790 4337 2980 4416 pater

2245 4502 2423 4548 meus
2469 4483 2728 4549 celestis
2775 4505 2888 4551 era

2511 4635 2834 4700 dicabitur
