3634 5717
334 650 454 716 Fol
493 650 572 716 31

366 853 450 918 23

369 2233 455 2298 24

336 2316 400 2360 Br
425 2318 476 2359 40

335 2374 402 2412 int
431 2369 504 2411 137

387 2420 438 2462 10

537 853 646 935 qui
691 873 844 919 uero
891 852 956 917 in
1004 859 1177 920 terra
1220 855 1302 919 bo

537 978 621 1069 ilfi
666 1006 1024 1073 seminatus
1069 1013 1171 1073 est

537 1157 645 1223 hic
689 1165 789 1225 est
833 1160 942 1242 qui
984 1161 1256 1227 «uerba»
1303 1180 1386 1226 au

542 1310 657 1376 dit.
706 1319 771 1378 et
815 1313 1147 1397 intellegit
1188 1319 1254 1379 et

545 1464 757 1531 fructi]
805 1466 1020 1532 adfert
1066 1473 1130 1532 et

538 1618 696 1684 facit
741 1619 904 1684 aliut
948 1618 1143 1702 quide
1190 1639 1306 1685 cen

540 1771 766 1836 tisimt’i
810 1770 989 1836 aliud
1034 1792 1195 1837 sexa

541 1925 843 2008 gensimfi
890 1945 1083 2008 porro
1128 1924 1309 1990 alivd

540 2077 1003 2144 tricensimum.

538 2231 755 2297 Aliam
801 2232 1117 2316 parabola

543 2383 885 2468 proposuit
929 2383 1062 2449 illis
1108 2383 1334 2450 dicens

539 2536 754 2612 simile
802 2543 902 2603 est
944 2547 1152 2621 regnu]

542 2691 782 2756 caelort'l
828 2688 1077 2755 homini
1125 2689 1231 2773 qui

378 2999 462 3062 25

376 3917 462 3981 26

544 2843 897 2909 seminauit
940 2843 1116 2909 bonsi
1161 2863 1233 2909 se

551 3017 698 3062 men
745 2996 811 3060 in
860 3017 1020 3079 agro
1060 3017 1177 3062 suo
1218 3007 1298 3061 οὐ
1348 2972 1357 2979 ’

546 3156 695 3216 aute
744 3128 1102 3215 dcrmirent
1145 3149 1229 3214 ho

548 3302 757 3369 mines
803 3301 985 3367 uenit
1030 3300 1215 3366 ini‘mi

547 3475 658 3522 cus
703 3455 845 3523 eius
891 3461 956 3521 et
997 3475 1268 3539 superse

547 3607 823 3674 minauit
865 3607 1119 3673 zizania
1161 3607 1230 3672 in

549 3744 779 3827 medio'
809 3759 1010 3826 tritici
1054 3765 1120 3827 et
1158 3760 1205 3826 ‘a

548 3913 668 3979 biit
712 3915 793 3978 ct'1
839 3920 1056 3979 autem
1102 3912 1311 3979 crenis

441 4055 450 4063 ’
549 4073 649 4132 set
690 4066 897 4132 herba
941 4072 1006 4130 et
1051 4065 1189 4131 fruc

381 4528 461 4591 27

548 4220 617 4284 tfi
663 4219 929 4285 fecisset
972 4222 1127 4283 tunc
1171 4238 1257 4301 ap

549 4377 903 4457 paruerunt
945 4370 1198 4437 zizania

551 4531 966 4592 accesserunt
1011 4529 1161 4589 aute

748 4677 922 4744 serui

1447 652 1759 719 Mt013

1867 852 2074 936 patris
2120 852 2407 919 familias
2454 850 2607 917 dixe

1863 1011 2014 1071 runt
2058 1004 2118 1070 ei
2166 1003 2294 1070 dfie
2341 1023 2556 1069 nonne

1867 1159 2042 1223 bonfi
2087 1176 2309 1223 semen
2357 1154 2644 1222 seminas

1838 1311 1916 1376 .ti
1961 1310 2029 1375 in
2074 1331 2235 1394 agro
2281 1316 2390 1375 tuo
2435 1306 2608 1374 unde
2652 1328 2723 1374 er

1699 1466 1782 1530 28
1870 1483 1955 1547 go
1999 1462 2199 1527 habet
2242 1460 2495 1526 zizania
2539 1466 2606 1526 et
2637 1433 2652 1447 ⁸

1869 1615 1964 1681 ait
2008 1614 2141 1679 illis
2187 1613 2489 1678 inimicus
2535 1613 2716 1678 hom’

1868 1766 1991 1833 hoc
2035 1767 2193 1833 fecit
2237 1767 2409 1832 serui
2458 1774 2608 1832 aute

1868 1920 2173 1987 dixerunt
2216 1919 2279 1986 ei
2320 1919 2420 1984 uis
2469 1919 2635 1986 imus

1701 2079 1783 2142 29
1873 2081 1939 2142 et
1985 2073 2358 2157 colligimus
2405 2093 2486 2139 ea
2530 2080 2595 2139 et
2639 2095 2680 2139 a

1867 2227 1919 2292 it
1962 2248 2094 2293 non
2141 2247 2223 2293 ne
2259 2227 2426 2292 forte
2472 2227 2623 2292 colli

1872 2385 2104 2465 gentes
2148 2379 2402 2446 zizania
2446 2379 2631 2446 eradi

1869 2532 2031 2599 cetis
2076 2532 2270 2598 simul
2316 2534 2396 2598 cfi
2442 2532 2539 2599 eis
2585 2539 2651 2599 et

1699 2689 1785 2755 30
1871 2685 2125 2752 tritrict‘i
2171 2684 2288 2752 sed
2335 2684 2532 2751 sinite
2574 2707 2615 2752 u

1870 2839 2033 2923 traq'
2079 2857 2371 2906 crescere
2413 2840 2550 2922 usq’

1872 2991 1960 3058 ad
2000 3002 2211 3057 messe
2259 2997 2324 3057 et
2367 2991 2432 3056 in
2481 2998 2633 3077 tepo

1872 3166 1943 3211 re
1987 3143 2220 3211 messis
2266 3143 2414 3210 dicii³
2457 3165 2594 3211 mes

1875 3296 2068 3362 sorib’
2114 3297 2408 3381 colligite
2454 3297 2665 3382 primv

1873 3448 2127 3515 zizania
2172 3455 2237 3515 et
2281 3449 2554 3535 alligate
2601 3470 2682 3515 ea

1873 3601 2206 3667 fasciculis
2254 3603 2339 3668 ad
2385 3604 2596 3669 conbu

1873 3752 2081 3820 rendfi
2127 3754 2350 3820 tritiofi
2396 3761 2544 3821 aute

1876 3913 2275 3991 congregate
2321 3908 2388 3973 in
2434 3909 2627 3975 horre

1705 4066 1783 4194 {i
1878 4083 1983 4128 um
2031 4063 2180 4128 mefi
2224 4062 2441 4128 Aliam
2487 4084 2652 4147 para

1666 4154 1836 4348 Ξ,ῗέ
1871 4216 2022 4282 bola
2065 4214 2406 4317 proposcit
2449 4214 2545 4281 eis

1667 4317 1712 4348 ω
1844 4367 2098 4471 'dicens
2142 4367 2358 4435 simile
2404 4375 2505 4434 est
2546 4389 2665 4451 reg

1877 4524 1966 4586 mi
2011 4523 2313 4588 caelorum
2359 4533 2566 4610 grano
2612 4519 2670 4587 si

1877 4674 2070 4763 napis

2800 650 2882 716 57
