3634 5717
801 1615 885 1678 25

798 2381 881 2444 26

797 2823 877 2888 27

795 3133 877 3196 28

967 853 1284 937 magister
1324 874 1584 938 moyses
1631 853 1746 918 dix

967 1004 1018 1069 it
1060 1004 1119 1070 si
1165 1005 1310 1088 quis
1356 1012 1644 1071 mortuus
1688 1004 1797 1071 fue

965 1158 1052 1223 rit
1093 1178 1224 1223 non
1272 1158 1518 1223 habens
1564 1156 1705 1222 filifi

967 1316 1038 1376 ut
1080 1308 1279 1375 ducat
1324 1310 1527 1376 frater
1569 1308 1712 1375 eius

967 1472 1167 1527 uxore
1214 1461 1389 1527 illius
1435 1469 1501 1528 et
1545 1463 1816 1529 suscitet

970 1633 1194 1680 semen
1241 1612 1426 1679 fratri
1466 1633 1586 1679 suo
1629 1621 1817 1681 erant

967 1762 1143 1849 apud
1190 1783 1310 1829 nos
1355 1771 1541 1849 septe
1588 1766 1827 1832 fratres

967 1922 1034 1983 et
1078 1915 1324 2000 primus
1368 1936 1571 1983 uxore
1616 1916 1814 1983 dueta

968 2067 1310 2134 defunctus
1355 2075 1457 2133 est
1501 2089 1630 2133 non
1675 2068 1764 2134 ha
1888 2098 1897 2106 ·

968 2220 1129 2286 bens
1174 2239 1397 2286 semen
1443 2220 1709 2304 reliquit
1780 2202 1787 2207 ’

968 2381 1168 2438 uxore
1216 2371 1403 2437 fratri
1447 2392 1564 2439 suo
1609 2373 1761 2438 simi

967 2523 1118 2590 liter
1163 2528 1230 2590 et
1267 2524 1591 2591 secundus
1636 2531 1703 2592 et

968 2674 1199 2742 tertius
1244 2677 1425 2759 usqu’
1468 2675 1556 2742 ad
1600 2676 1772 2760 septi

967 2847 1143 2893 mum
1190 2827 1545 2894 nouissime
1588 2834 1739 2894 aute

971 2979 1259 3046 omnium
1304 2986 1372 3046 et
1414 2979 1648 3045 mulier
1693 2978 1775 3045 de

965 3131 1190 3199 funeta
1234 3138 1337 3197 est
1379 3131 1447 3196 in
1493 3151 1786 3198 resurree

970 3262 1151 3349 tione
1197 3303 1354 3368 ergo
1401 3283 1582 3350 cuius
1628 3283 1754 3350 erit

971 3433 1054 3501 de
1098 3443 1350 3520 septem
1394 3457 1558 3502 uxor
1603 3457 1829 3503 omnes

971 3600 1079 3654 eni
1125 3588 1491 3656 habuerunt
1536 3599 1614 3655 es
1659 3608 1764 3654 res

968 3740 1268 3825 pondens
1314 3746 1532 3807 autem
1576 3739 1682 3805 ihs

969 3890 1063 3956 ait
1106 3890 1240 3957 illis
1285 3891 1521 3959 erratis
1566 3891 1745 3957 nesei

970 4050 1154 4109 entes
1199 4043 1558 4127 scripturas
1604 4044 1748 4127 neq'

971 4194 1277 4264 uirtutem
1321 4194 1389 4260 di
1436 4193 1503 4259 in
1546 4214 1730 4262 resur

1836 651 2148 717 Mt022

2117 855 2194 919 31

2118 1459 2202 1523 32

2288 851 2510 936 angeli
2557 851 2626 916 di
2670 851 2736 915 in
2782 850 2943 915 eaelo

2288 1004 2370 1070 de
2415 1001 2891 1070 resurreetione
2936 1006 3075 1065 ”ute

2290 1158 2621 1223 mortum-fi
2667 1176 2796 1220 non
2842 1151 3013 1236 legis

2289 1308 2374 1376 tis
2418 1306 2592 1393 quod
2635 1305 2817 1372 dictfi
2864 1311 2965 1370 est
3007 1324 3090 1369 uo

2291 1460 2390 1527 bis
2433 1482 2477 1527 a
2519 1458 2605 1525 dc‘)
2650 1456 2913 1523 dicente
2956 1476 3084 1538 ego

2290 1633 2432 1679 sum
2478 1611 2556 1676 ds
2602 1608 2850 1676 abraha
2894 1614 2961 1674 et
3005 1607 3083 1673 ds

2291 1766 2474 1831 isaac
2515 1770 2582 1829 et
2624 1762 2704 1826 ds
2748 1759 2938 1826 iaeob
2984 1780 3112 1825 non

2292 1923 2392 1984 est
2435 1915 2512 1981 ds
2553 1920 2888 1980 mortuom
2926 1911 3045 1978 sed

2295 2066 2652 2136 uiuentium
2697 2072 2765 2132 et
2807 2063 3046 2131 audien

2293 2227 2392 2288 tes
2437 2219 2668 2286 turbae
2712 2216 3009 2282 miraban

2293 2380 2396 2438 tur
2439 2372 2507 2437 in
2554 2369 2854 2436 doctrina
2896 2366 3036 2434 eius

2116 2526 2202 2590 34
2286 2522 2607 2591 Pharisaei
2648 2527 2865 2588 autem
2910 2518 3067 2585 audi

2086 2611 2258 2656 mt225

2087 2713 2258 2760 nai-131

2162 2663 2190 2706 6

2121 3140 2207 3207 35

2123 3599 2206 3667 36

2123 3889 2204 3956 37

967 4346 1256 4414 rectione
1301 4346 1476 4412 enim
1523 4348 1666 4431 neq'
1710 4368 1792 4413 nu
1897 4372 1904 4377 ’

967 4499 1125 4565 bent
1166 4499 1312 4583 neq'
1355 4499 1678 4567 nubentur
1718 4501 1836 4568 sed

1270 4658 1458 4721 erunt
1500 4651 1670 4719 sieut

2124 4502 2208 4567 38

2294 2682 2480 2744 entes
2524 2672 2698 2759 quod
2738 2670 3010 2739 silentiu

2292 2827 2695 2915 inposuisset
2737 2822 3045 2892 saddueae

2296 2983 2351 3049 is
2396 2938 2841 3048 conuenerunt
2885 2976 2953 3042 in
2998 2995 3041 3041 u

2293 3136 2384 3202 n1‘1
2429 3139 2496 3200 et
2538 3128 2974 3213 interrogauit

2295 3308 2443 3355 eum
2490 3303 2652 3352 unus
2697 3302 2781 3348 ex
2825 3280 2924 3348 eis
2966 3276 3137 3362 legis

2296 3440 2523 3506 doctor
2568 3440 2899 3520 temptans
2945 3437 3022 3497 eir
3091 3460 3114 3473 ι

2297 3590 2614 3676 magister
2659 3586 2832 3671 quod
2875 3590 2977 3651 est

2295 3743 2614 3811 mandatu
2659 3757 2970 3823 magnum
3012 3735 3081 3799 in

2292 3899 2444 3982 lege
2489 3895 2585 3962 ait
2627 3892 2727 3958 illi
2773 3890 2876 3956 ihs
2921 3886 3149 3972 diligis

2298 4049 2453 4115 dnm
2500 4046 2604 4113 dm
2652 4053 2830 4112 tuum
2876 4062 2959 4107 ex
3003 4047 3139 4107 toto

2295 4200 2492 4267 eorde
2535 4205 2647 4264 tuo
2693 4204 2760 4263 et
2802 4194 2870 4260 in
2917 4199 3055 4260 tota

2293 4352 2516 4420 anima
2558 4357 2672 4416 tua
2715 4355 2783 4415 et
2826 4347 2893 4413 in
2935 4352 3078 4413 tota

2295 4511 2513 4571 mente
2559 4509 2673 4568 tua
2715 4500 2840 4567 hoe
2883 4504 2985 4566 est
3028 4519 3184 4564 max

2594 4653 2795 4719 imum
