3634 5717
947 877 1020 942 Si
1065 884 1217 945 aute
1262 889 1478 961 nequa
1520 879 1629 944 sue

945 1029 1034 1095 rit
1076 1030 1210 1098 etia
1253 1050 1487 1115 eorpus
1530 1036 1600 1097 tu

946 1203 1056 1250 um
1099 1184 1450 1250 tenebrosu
1496 1183 1622 1250 erit

745 1338 861 1474 ,ἐξ
887 1335 1100 1467 ὶῃιξᾶξ
1145 1355 1304 1421 ergo
1352 1356 1437 1402 ne
1481 1336 1700 1402 lumen

773 1491 859 1556 36
944 1489 1259 1555 †tenebrae
1302 1488 1437 1555 sint
1479 1488 1550 1554 Si
1595 1508 1668 1553 er

944 1662 1031 1725 go
1077 1660 1312 1725 eorpus
1353 1643 1472 1707 tufi
1516 1641 1646 1708 luei

943 1793 1034 1859 du
1077 1792 1276 1859 fuerit
1318 1812 1446 1858 non
1494 1794 1664 1860 habe

943 1965 1021 2011 ns
1066 1944 1289 2029 aliqua
1331 1954 1519 2031 parte
1565 1953 1630 2012 te

942 2098 1228 2165 nebrarfi
1273 2098 1400 2165 erit
1442 2100 1665 2165 lueidfi

941 2252 1085 2316 totfi
1131 2257 1198 2318 et
1239 2250 1410 2318 sieut
1450 2253 1632 2319 lueer

944 2424 1034 2470 na
1076 2404 1353 2490 fulgoris
1397 2405 1629 2472 inlumi

770 2558 850 2621 37
941 2556 1131 2623 nabit
1169 2564 1238 2623 te
1279 2559 1367 2625 Et
1407 2561 1488 2626 eti
1534 2561 1728 2644 loque

741 2643 804 2686 Βι-
828 2642 880 2686 37

739 2694 783 2735 ¹⁰
811 2693 887 2786 ¹5³⁵
948 2716 1126 2776 retur
1167 2711 1431 2795 rogabit
1473 2713 1592 2778 illu

740 2797 809 2838 ω
832 2793 910 2839 w
942 2861 1144 2945 quida
1187 2863 1531 2948 phariseus
1574 2874 1648 2932 ut

942 3013 1298 3098 pranderet
1341 3016 1517 3102 apud
1562 3039 1634 3084 se

943 3172 1011 3233 et
1052 3167 1391 3251 ingressus
1436 3170 1630 3236 dom?

770 3316 853 3381 38
944 3319 1238 3386 recubuit
1281 3322 1643 3406 pharisaeus

939 3470 998 3534 h'
1044 3422 1262 3558 eoepit
1306 3474 1481 3542 intra
1524 3496 1596 3544 se
1641 3497 1713 3543 re

936 3632 1175 3708 putans
1221 3627 1441 3696 dicere
1481 3649 1612 3713 qua

940 3795 1009 3842 re
1054 3798 1183 3844 non
1230 3780 1599 3867 baptizatus

939 3938 1115 3997 esset
1157 3940 1313 4000 ante
1359 3934 1595 4018 prandi

768 4079 852 4142 39
938 4084 981 4146 fi
1026 4090 1092 4149 et
1136 4084 1232 4151 ait
1272 4086 1398 4152 dns
1443 4087 1530 4152 ad
1570 4086 1688 4152 illu

936 4254 1109 4302 nune
1149 4255 1268 4303 uos
1315 4238 1607 4322 pharisei

938 4386 1110 4470 quod
1148 4388 1232 4456 de
1279 4389 1437 4457 foris
1482 4399 1584 4458 est
1627 4414 1708 4459 ea

935 4539 1082 4605 lieis
1097 4549 1164 4607 et
1175 4542 1378 4609 eatini
1391 4544 1721 4611 mundatis
1736 4547 1906 4629 quod
1924 4549 1981 4612 h’

1862 672 2172 741 Leon

2263 877 2437 941 intus
2482 880 2584 940 eet
2626 874 2848 939 uestri

2263 1029 2464 1114 plenu
2510 1034 2611 1094 est
2654 1024 2893 1110 rapina
2930 1032 2997 1090 et

2088 1186 2174 1250 40
2259 1182 2606 1267 iniquitate
2650 1177 2834 1246 stulti

2261 1356 2477 1402 nonne
2520 1334 2631 1417 qui
2675 1332 2834 1400 feeit
2877 1331 3051 1415 quod

2259 1489 2342 1555 de
2387 1488 2548 1553 forie
2593 1492 2694 1552 est
2739 1485 2873 1551 etia
2916 1484 2984 1549 id

2259 1643 2429 1728 quod
2476 1642 2651 1706 intus
2694 1647 2797 1705 eet
2838 1637 2999 1704 feeit
3024 1688 3041 1701 ,

2084 1800 2161 1861 41
2254 1797 2415 1863 uerfl
2460 1802 2679 1861 tamen
2725 1789 2900 1875 qnod

2254 1942 2451 2033 eu'per
2489 1953 2591 2013 est
2629 1944 2784 2012 date
2830 1945 2933 2010 ele

2254 2101 2512 2166 mesina
2557 2106 2623 2165 et
2666 2119 2821 2166 eeee
2867 2118 2972 2164 om

2258 2253 2371 2318 nia
2414 2250 2660 2317 munda
2701 2258 2854 2318 sunt
2897 2272 2980 2318 uo

2081 2407 2199 2509 42
2256 2405 2355 2472 bie
2399 2404 2533 2471 Sed
2578 2426 2702 2472 uae
2746 2405 2934 2471 uobis

2054 2494 2228 2639 :ti-’⁴2:35
2264 2559 2571 2644 pharisaei
2619 2559 2775 2643 quia
2817 2558 2962 2625 deei

2261 2713 2454 2778 matis
2504 2720 2719 2778 menta
2764 2720 2830 2777 et
2873 2731 2947 2775 ru

2259 2875 2326 2931 ta
2369 2873 2436 2931 et
2480 2885 2672 2931 omne
2715 2864 2905 2930 holus

2258 3027 2325 3084 et
2358 3017 2698 3102 preteritis
2739 3015 2877 3082 iudi

2236 3156 2361 3237 'eiu
2409 3179 2478 3237 et
2518 3170 2796 3237 earitate
2842 3168 2912 3234 di

2256 3326 2397 3390 haee
2439 3324 2499 3389 h'
2543 3323 2832 3408 oportuit
2877 3324 2945 3387 fa

2255 3497 2403 3544 eere
2449 3484 2514 3542 et
2558 3476 2677 3541 illa
2720 3496 2849 3542 non
2896 3496 2935 3541 ο

2081 3629 2165 3694 43
2256 3631 2513 3696 mittere
2558 3629 2675 3695 Uae
2719 3629 2910 3695 uobis

2050 3715 2092 3757 le
2122 3714 2194 3757 137

2048 3765 2220 3860 mt²229
2254 3783 2545 3868 pharisei
2590 3783 2747 3866 quia
2790 3782 2910 3847 dili

2050 3882 2119 3912 mr
2145 3869 2220 3912 135

2252 3936 2410 4021 gitis
2455 3935 2701 4020 primas
2748 3935 2942 4003 eathe

2252 4091 2406 4157 dras
2451 4090 2515 4156 in
2564 4090 2910 4175 sinagogis
2956 4098 3022 4155 et

2250 4244 2683 4310 salutationes
2728 4244 2795 4309 in
2844 4248 2908 4309 fo

2076 4396 2163 4459 44
2252 4417 2323 4461 ro
2370 4397 2484 4462 Uae
2526 4396 2712 4462 uubis
2757 4396 2867 4479 qui
2913 4395 3075 4462 eatis

2047 4484 2087 4523 ie
2118 4483 2190 4554 lr36

3216 3806 3249 3897 ⁶

2048 4547 2213 4625 mff⁰233
2248 4558 2319 4613 ut
2346 4558 2766 4616 monumenta
2778 4570 2921 4633 quae
2938 4571 3068 4615 non
3095 4572 3284 4637 appa

3129 4716 3281 4774 rent
