<?xml version="1.0" encoding="UTF-8"?>
<!DOCTYPE html PUBLIC "-//W3C//DTD XHTML 1.0 Transitional//EN"
    "http://www.w3.org/TR/xhtml1/DTD/xhtml1-transitional.dtd">
<html xmlns="http://www.w3.org/1999/xhtml" xml:lang="en" lang="en">
 <head>
  <title>
</title>
<meta http-equiv="Content-Type" content="text/html;charset=utf-8" />
  <meta name='ocr-system' content='tesseract 3.04.00' />
  <meta name='ocr-capabilities' content='ocr_page ocr_carea ocr_par ocr_line ocrx_word'/>
</head>
<body>
  <div class='ocr_page' id='page_1' title='image "./codexaureussive00belsgoog_0111.png"; bbox 0 0 3634 5717; ppageno 0'>
   <div class='ocr_carea' id='block_1_1' title="bbox 312 677 564 741">
    <p class='ocr_par' dir='ltr' id='par_1_1' title="bbox 312 677 564 741">
     <span class='ocr_line' id='line_1_1' title="bbox 312 677 564 741; baseline 0.012 -3"><span class='ocrx_word' id='word_1_1' title='bbox 312 677 433 740; x_wconf 90' lang='lat' dir='ltr'><strong>Fol</strong></span> <span class='ocrx_word' id='word_1_2' title='bbox 482 678 564 741; x_wconf 81' lang='lat'><strong>25</strong></span> 
     </span>
    </p>
   </div>
   <div class='ocr_carea' id='block_1_2' title="bbox 293 877 1310 4002">
    <p class='ocr_par' dir='ltr' id='par_1_2' title="bbox 293 877 1310 4002">
     <span class='ocr_line' id='line_1_2' title="bbox 479 877 1310 962; baseline 0 -21"><span class='ocrx_word' id='word_1_3' title='bbox 479 878 588 960; x_wconf 88' lang='lat' dir='ltr'><strong>qui</strong></span> <span class='ocrx_word' id='word_1_4' title='bbox 633 877 988 960; x_wconf 84' lang='lat' dir='ltr'><strong>loquemini</strong></span> <span class='ocrx_word' id='word_1_5' title='bbox 1034 878 1149 943; x_wconf 89' lang='lat' dir='ltr'><strong>sed</strong></span> <span class='ocrx_word' id='word_1_6' title='bbox 1197 884 1310 962; x_wconf 76' lang='lat' dir='ltr'><strong>sps</strong></span> 
     </span>
     <span class='ocr_line' id='line_1_3' title="bbox 478 1020 1220 1113; baseline 0 -20"><span class='ocrx_word' id='word_1_7' title='bbox 478 1027 684 1112; x_wconf 86' lang='lat' dir='ltr'><strong>patris</strong></span> <span class='ocrx_word' id='word_1_8' title='bbox 730 1020 931 1095; x_wconf 82' lang='lat' dir='ltr'><strong>nestri</strong></span> <span class='ocrx_word' id='word_1_9' title='bbox 976 1029 1086 1113; x_wconf 88' lang='lat' dir='ltr'><strong>qui</strong></span> <span class='ocrx_word' id='word_1_10' title='bbox 1131 1031 1220 1094; x_wconf 89' lang='lat' dir='ltr'><strong>lo-</strong></span> 
     </span>
     <span class='ocr_line' id='line_1_4' title="bbox 307 1180 1185 1264; baseline 0.001 -19"><span class='ocrx_word' id='word_1_11' title='bbox 307 1184 384 1246; x_wconf 88' lang='grc'><strong>21</strong></span> <span class='ocrx_word' id='word_1_12' title='bbox 477 1181 692 1264; x_wconf 89' lang='lat' dir='ltr'><strong>quitur</strong></span> <span class='ocrx_word' id='word_1_13' title='bbox 736 1180 803 1245; x_wconf 91' lang='lat' dir='ltr'><strong>in</strong></span> <span class='ocrx_word' id='word_1_14' title='bbox 851 1181 1036 1246; x_wconf 89' lang='lat' dir='ltr'><strong>uobis</strong></span> <span class='ocrx_word' id='word_1_15' title='bbox 1083 1189 1185 1247; x_wconf 83' lang='lat' dir='ltr'><strong>tra</strong></span> 
     </span>
     <span class='ocr_line' id='line_1_5' title="bbox 475 1319 1227 1417; baseline 0.003 -20"><span class='ocrx_word' id='word_1_16' title='bbox 475 1319 588 1398; x_wconf 85' lang='lat' dir='ltr'><strong>det</strong></span> <span class='ocrx_word' id='word_1_17' title='bbox 630 1343 737 1417; x_wconf 68' lang='lat' dir='ltr'><strong>eni</strong></span> <span class='ocrx_word' id='word_1_18' title='bbox 783 1335 985 1398; x_wconf 78' lang='lat' dir='ltr'><strong>frater</strong></span> <span class='ocrx_word' id='word_1_19' title='bbox 1029 1335 1227 1401; x_wconf 73' lang='lat' dir='ltr'><strong>fratre</strong></span> 
     </span>
     <span class='ocr_line' id='line_1_6' title="bbox 476 1484 1228 1569; baseline 0.003 -20"><span class='ocrx_word' id='word_1_20' title='bbox 476 1484 541 1549; x_wconf 90' lang='lat' dir='ltr'><strong>in</strong></span> <span class='ocrx_word' id='word_1_21' title='bbox 589 1491 793 1550; x_wconf 81' lang='lat' dir='ltr'><strong>morte</strong></span> <span class='ocrx_word' id='word_1_22' title='bbox 844 1491 909 1551; x_wconf 88' lang='lat' dir='ltr'><strong>et</strong></span> <span class='ocrx_word' id='word_1_23' title='bbox 953 1493 1140 1569; x_wconf 85' lang='lat' dir='ltr'><strong>pater</strong></span> <span class='ocrx_word' id='word_1_24' title='bbox 1185 1487 1228 1550; x_wconf 83' lang='lat' dir='ltr'>fl</span> 
     </span>
     <span class='ocr_line' id='line_1_7' title="bbox 478 1594 1154 1721; baseline 0.001 -19"><span class='ocrx_word' id='word_1_25' title='bbox 478 1637 571 1702; x_wconf 75' lang='lat' dir='ltr'><strong>lisr</strong></span> <span class='ocrx_word' id='word_1_26' title='bbox 619 1644 685 1703; x_wconf 84' lang='lat' dir='ltr'><strong>et</strong></span> <span class='ocrx_word' id='word_1_27' title='bbox 729 1594 1071 1721; x_wconf 72' lang='lat' dir='ltr'><strong>insurgent</strong></span> <span class='ocrx_word' id='word_1_28' title='bbox 1113 1639 1154 1703; x_wconf 86' lang='lat' dir='ltr'><strong>fi</strong></span> 
     </span>
     <span class='ocr_line' id='line_1_8' title="bbox 473 1788 1292 1873; baseline 0.005 -22"><span class='ocrx_word' id='word_1_29' title='bbox 473 1788 546 1853; x_wconf 92' lang='lat' dir='ltr'><strong>lii</strong></span> <span class='ocrx_word' id='word_1_30' title='bbox 593 1788 659 1853; x_wconf 91' lang='lat' dir='ltr'><strong>in</strong></span> <span class='ocrx_word' id='word_1_31' title='bbox 706 1798 1013 1873; x_wconf 84' lang='lat' dir='ltr'><strong>parentes</strong></span> <span class='ocrx_word' id='word_1_32' title='bbox 1060 1798 1124 1856; x_wconf 86' lang='lat' dir='ltr'><strong>et</strong></span> <span class='ocrx_word' id='word_1_33' title='bbox 1166 1802 1292 1856; x_wconf 83' lang='lat' dir='ltr'><strong>m⁰r</strong></span> 
     </span>
     <span class='ocr_line' id='line_1_9' title="bbox 300 1942 1160 2009; baseline 0.002 -3"><span class='ocrx_word' id='word_1_34' title='bbox 300 1942 384 2006; x_wconf 89' lang='grc'><strong>22</strong></span> <span class='ocrx_word' id='word_1_35' title='bbox 473 1948 536 2007; x_wconf 88' lang='lat' dir='ltr'><strong>te</strong></span> <span class='ocrx_word' id='word_1_36' title='bbox 581 1961 693 2007; x_wconf 87' lang='lat' dir='ltr'><strong>eos</strong></span> <span class='ocrx_word' id='word_1_37' title='bbox 740 1942 1051 2009; x_wconf 82' lang='lat' dir='ltr'><strong>adficient</strong></span> <span class='ocrx_word' id='word_1_38' title='bbox 1095 1950 1160 2008; x_wconf 87' lang='lat' dir='ltr'><strong>et</strong></span> 
     </span>
     <span class='ocr_line' id='line_1_10' title="bbox 476 2094 1006 2161; baseline 0.002 -2"><span class='ocrx_word' id='word_1_39' title='bbox 476 2094 659 2159; x_wconf 86' lang='lat' dir='ltr'><strong>eritis</strong></span> <span class='ocrx_word' id='word_1_40' title='bbox 706 2095 857 2161; x_wconf 87' lang='lat' dir='ltr'><strong>odio</strong></span> <span class='ocrx_word' id='word_1_41' title='bbox 904 2116 1006 2161; x_wconf 86' lang='lat' dir='ltr'><strong>om</strong></span> 
     </span>
     <span class='ocr_line' id='line_1_11' title="bbox 472 2245 1187 2331; baseline 0.004 -22"><span class='ocrx_word' id='word_1_42' title='bbox 472 2245 598 2310; x_wconf 87' lang='lat' dir='ltr'><strong>nib’</strong></span> <span class='ocrx_word' id='word_1_43' title='bbox 643 2255 909 2331; x_wconf 87' lang='lat' dir='ltr'><strong>propter</strong></span> <span class='ocrx_word' id='word_1_44' title='bbox 954 2268 1187 2313; x_wconf 86' lang='lat' dir='ltr'><strong>nomen</strong></span> 
     </span>
     <span class='ocr_line' id='line_1_12' title="bbox 470 2397 1129 2483; baseline 0.005 -21"><span class='ocrx_word' id='word_1_45' title='bbox 470 2409 618 2464; x_wconf 70' lang='lat' dir='ltr'><strong>mesi</strong></span> <span class='ocrx_word' id='word_1_46' title='bbox 662 2397 770 2481; x_wconf 86' lang='lat' dir='ltr'><strong>qui</strong></span> <span class='ocrx_word' id='word_1_47' title='bbox 818 2405 967 2465; x_wconf 78' lang='lat' dir='ltr'><strong>aute</strong></span> <span class='ocrx_word' id='word_1_48' title='bbox 1014 2419 1129 2483; x_wconf 85' lang='lat' dir='ltr'><strong>per</strong></span> 
     </span>
     <span class='ocr_line' id='line_1_13' title="bbox 468 2550 1050 2633; baseline 0 -18"><span class='ocrx_word' id='word_1_49' title='bbox 468 2550 871 2616; x_wconf 82' lang='lat' dir='ltr'><strong>seuerauerit</strong></span> <span class='ocrx_word' id='word_1_50' title='bbox 914 2552 1050 2633; x_wconf 86' lang='lat' dir='ltr'><strong>usq&#39;</strong></span> 
     </span>
     <span class='ocr_line' id='line_1_14' title="bbox 471 2701 1301 2769; baseline 0.004 -4"><span class='ocrx_word' id='word_1_51' title='bbox 471 2701 534 2766; x_wconf 91' lang='lat' dir='ltr'><strong>in</strong></span> <span class='ocrx_word' id='word_1_52' title='bbox 580 2701 711 2767; x_wconf 78' lang='lat' dir='ltr'><strong>fine</strong></span> <span class='ocrx_word' id='word_1_53' title='bbox 760 2702 868 2767; x_wconf 84' lang='lat' dir='ltr'><strong>hie</strong></span> <span class='ocrx_word' id='word_1_54' title='bbox 910 2703 1132 2769; x_wconf 85' lang='lat' dir='ltr'><strong>saluus</strong></span> <span class='ocrx_word' id='word_1_55' title='bbox 1177 2703 1301 2769; x_wconf 88' lang='lat' dir='ltr'><strong>erit</strong></span> 
     </span>
     <span class='ocr_line' id='line_1_15' title="bbox 298 2850 1295 2975; baseline 0.006 -61"><span class='ocrx_word' id='word_1_56' title='bbox 298 2853 441 2975; x_wconf 49' lang='grc' dir='ltr'><strong>ἔξω</strong></span> <span class='ocrx_word' id='word_1_57' title='bbox 469 2851 564 2916; x_wconf 73' lang='grc' dir='ltr'><strong>Οὐ</strong></span> <span class='ocrx_word' id='word_1_58' title='bbox 612 2861 828 2920; x_wconf 84' lang='lat' dir='ltr'><strong>autem</strong></span> <span class='ocrx_word' id='word_1_59' title='bbox 875 2875 1237 2939; x_wconf 84' lang='lat' dir='ltr'><strong>perseqven</strong></span> <span class='ocrx_word' id='word_1_60' title='bbox 1289 2850 1295 2863; x_wconf 84' lang='lat'>&#39;</span> 
     </span>
     <span class='ocr_line' id='line_1_16' title="bbox 300 2989 1159 3075; baseline -0.002 0"><span class='ocrx_word' id='word_1_61' title='bbox 300 2989 440 3075; x_wconf 56' lang='grc' dir='ltr'><strong>’Μιοἰο</strong></span> <span class='ocrx_word' id='word_1_62' title='bbox 468 3011 569 3070; x_wconf 87' lang='lat' dir='ltr'><strong>tur</strong></span> <span class='ocrx_word' id='word_1_63' title='bbox 610 3024 729 3071; x_wconf 85' lang='lat' dir='ltr'><strong>uos</strong></span> <span class='ocrx_word' id='word_1_64' title='bbox 775 3007 842 3071; x_wconf 88' lang='lat' dir='ltr'><strong>in</strong></span> <span class='ocrx_word' id='word_1_65' title='bbox 890 3006 1159 3072; x_wconf 82' lang='lat' dir='ltr'><strong>ciuitate</strong></span> 
     </span>
     <span class='ocr_line' id='line_1_17' title="bbox 471 3154 1223 3242; baseline 0.008 -24"><span class='ocrx_word' id='word_1_66' title='bbox 471 3154 601 3222; x_wconf 82' lang='lat' dir='ltr'><strong>ista</strong></span> <span class='ocrx_word' id='word_1_67' title='bbox 638 3158 846 3242; x_wconf 85' lang='lat' dir='ltr'><strong>fugite</strong></span> <span class='ocrx_word' id='word_1_68' title='bbox 893 3158 959 3222; x_wconf 89' lang='lat' dir='ltr'><strong>in</strong></span> <span class='ocrx_word' id='word_1_69' title='bbox 1005 3159 1138 3225; x_wconf 65' lang='lat' dir='ltr'><strong>alia</strong></span> <span class='ocrx_word' id='word_1_70' title='bbox 1181 3180 1223 3224; x_wconf 83' lang='lat' dir='ltr'><strong>a</strong></span> 
     </span>
     <span class='ocr_line' id='line_1_18' title="bbox 469 3308 1217 3376; baseline 0.007 -6"><span class='ocrx_word' id='word_1_71' title='bbox 469 3326 617 3372; x_wconf 87' lang='lat' dir='ltr'><strong>men</strong></span> <span class='ocrx_word' id='word_1_72' title='bbox 662 3308 809 3375; x_wconf 87' lang='lat' dir='ltr'><strong>dieo</strong></span> <span class='ocrx_word' id='word_1_73' title='bbox 857 3310 1042 3375; x_wconf 89' lang='lat' dir='ltr'><strong>uobis</strong></span> <span class='ocrx_word' id='word_1_74' title='bbox 1088 3332 1217 3376; x_wconf 90' lang='lat' dir='ltr'><strong>non</strong></span> 
     </span>
     <span class='ocr_line' id='line_1_19' title="bbox 464 3462 1107 3528; baseline 0.006 -5"><span class='ocrx_word' id='word_1_75' title='bbox 464 3462 936 3528; x_wconf 74' lang='lat' dir='ltr'><strong>eonsfimabitis</strong></span> <span class='ocrx_word' id='word_1_76' title='bbox 982 3462 1107 3528; x_wconf 86' lang='lat' dir='ltr'><strong>eiui</strong></span> 
     </span>
     <span class='ocr_line' id='line_1_20' title="bbox 467 3613 1180 3681; baseline 0.007 -5"><span class='ocrx_word' id='word_1_77' title='bbox 467 3618 636 3677; x_wconf 84' lang='lat' dir='ltr'><strong>tates</strong></span> <span class='ocrx_word' id='word_1_78' title='bbox 683 3613 922 3679; x_wconf 81' lang='lat' dir='ltr'><strong>israhel</strong></span> <span class='ocrx_word' id='word_1_79' title='bbox 972 3615 1180 3681; x_wconf 84' lang='lat' dir='ltr'><strong>donee</strong></span> 
     </span>
     <span class='ocr_line' id='line_1_21' title="bbox 464 3763 1132 3831; baseline 0.007 -5"><span class='ocrx_word' id='word_1_80' title='bbox 464 3763 690 3830; x_wconf 84' lang='lat' dir='ltr'><strong>ueniat</strong></span> <span class='ocrx_word' id='word_1_81' title='bbox 735 3765 907 3830; x_wconf 82' lang='lat' dir='ltr'><strong>filius</strong></span> <span class='ocrx_word' id='word_1_82' title='bbox 952 3766 1132 3831; x_wconf 86' lang='lat' dir='ltr'><strong>homi</strong></span> 
     </span>
     <span class='ocr_line' id='line_1_22' title="bbox 293 3914 1202 4002; baseline 0.007 -25"><span class='ocrx_word' id='word_1_83' title='bbox 293 3914 379 3977; x_wconf 86' lang='grc'><strong>24</strong></span> <span class='ocrx_word' id='word_1_84' title='bbox 465 3915 567 3980; x_wconf 85' lang='lat' dir='ltr'><strong>nis</strong></span> <span class='ocrx_word' id='word_1_85' title='bbox 611 3916 757 3982; x_wconf 85' lang='lat' dir='ltr'><strong>Non</strong></span> <span class='ocrx_word' id='word_1_86' title='bbox 806 3924 905 3981; x_wconf 87' lang='lat' dir='ltr'><strong>est</strong></span> <span class='ocrx_word' id='word_1_87' title='bbox 948 3918 1202 4002; x_wconf 68' lang='lat' dir='ltr'><strong>diseipi(</strong></span> 
     </span>
    </p>
   </div>
   <div class='ocr_carea' id='block_1_3' title="bbox 296 4000 433 4037">
    <p class='ocr_par' dir='ltr' id='par_1_3' title="bbox 296 4000 433 4037">
     <span class='ocr_line' id='line_1_23' title="bbox 296 4000 433 4037; baseline -0.007 0"><span class='ocrx_word' id='word_1_88' title='bbox 296 4003 359 4037; x_wconf 69' lang='lat' dir='ltr'><strong>unt</strong></span> <span class='ocrx_word' id='word_1_89' title='bbox 386 4000 433 4037; x_wconf 73' lang='lat'><strong>91</strong></span> 
     </span>
    </p>
   </div>
   <div class='ocr_carea' id='block_1_4' title="bbox 293 4051 1171 4240">
    <p class='ocr_par' dir='ltr' id='par_1_4' title="bbox 293 4051 1171 4240">
     <span class='ocr_line' id='line_1_24' title="bbox 295 4051 1171 4189; baseline 0 -54"><span class='ocrx_word' id='word_1_90' title='bbox 295 4051 442 4189; x_wconf 39' lang='lat'><strong>{0³32</strong></span> <span class='ocrx_word' id='word_1_91' title='bbox 468 4066 569 4131; x_wconf 87' lang='lat' dir='ltr'><strong>lus</strong></span> <span class='ocrx_word' id='word_1_92' title='bbox 614 4087 811 4152; x_wconf 87' lang='lat' dir='ltr'><strong>super</strong></span> <span class='ocrx_word' id='word_1_93' title='bbox 855 4070 1171 4154; x_wconf 62' lang='lat' dir='ltr'><strong>magistr-v</strong></span> 
     </span>
     <span class='ocr_line' id='line_1_25' title="bbox 311 4161 337 4187; baseline 0 0"><span class='ocrx_word' id='word_1_94' title='bbox 311 4161 337 4187; x_wconf 89' lang='grc'><strong>0</strong></span> 
     </span>
     <span class='ocr_line' id='line_1_26' title="bbox 293 4200 444 4240; baseline 0 0"><span class='ocrx_word' id='word_1_95' title='bbox 293 4203 341 4240; x_wconf 74' lang='lat' dir='ltr'><strong>et</strong></span> <span class='ocrx_word' id='word_1_96' title='bbox 373 4200 444 4240; x_wconf 72' lang='lat'><strong>¹89</strong></span> 
     </span>
    </p>
   </div>
   <div class='ocr_carea' id='block_1_5' title="bbox 295 4254 1230 4642">
    <p class='ocr_par' dir='ltr' id='par_1_5' title="bbox 295 4254 1230 4642">
     <span class='ocr_line' id='line_1_27' title="bbox 295 4254 1103 4340; baseline 0.009 -25"><span class='ocrx_word' id='word_1_97' title='bbox 295 4254 378 4316; x_wconf 81' lang='grc'><strong>25</strong></span> <span class='ocrx_word' id='word_1_98' title='bbox 468 4271 589 4316; x_wconf 86' lang='lat' dir='ltr'><strong>nee</strong></span> <span class='ocrx_word' id='word_1_99' title='bbox 632 4272 860 4319; x_wconf 86' lang='lat' dir='ltr'><strong>seruus</strong></span> <span class='ocrx_word' id='word_1_100' title='bbox 907 4276 1103 4340; x_wconf 86' lang='lat' dir='ltr'><strong>super</strong></span> 
     </span>
     <span class='ocr_line' id='line_1_28' title="bbox 466 4396 1137 4474; baseline 0.009 -7"><span class='ocrx_word' id='word_1_101' title='bbox 466 4396 619 4468; x_wconf 70' lang='lat' dir='ltr'><strong>dfsrn</strong></span> <span class='ocrx_word' id='word_1_102' title='bbox 665 4425 849 4471; x_wconf 85' lang='lat' dir='ltr'><strong>suum</strong></span> <span class='ocrx_word' id='word_1_103' title='bbox 896 4407 1137 4474; x_wconf 83' lang='lat' dir='ltr'><strong>suffieit</strong></span> 
     </span>
     <span class='ocr_line' id='line_1_29' title="bbox 463 4556 1230 4642; baseline 0.007 -21"><span class='ocrx_word' id='word_1_104' title='bbox 463 4556 786 4642; x_wconf 82' lang='lat' dir='ltr'><strong>discipulo</strong></span> <span class='ocrx_word' id='word_1_105' title='bbox 832 4568 902 4626; x_wconf 87' lang='lat' dir='ltr'><strong>ut</strong></span> <span class='ocrx_word' id='word_1_106' title='bbox 949 4561 1036 4627; x_wconf 88' lang='lat' dir='ltr'><strong>sit</strong></span> <span class='ocrx_word' id='word_1_107' title='bbox 1077 4561 1230 4628; x_wconf 58' lang='lat' dir='ltr'><strong>sicvt</strong></span> 
     </span>
    </p>
   </div>
   <div class='ocr_carea' id='block_1_6' title="bbox 463 4710 965 4793">
    <p class='ocr_par' dir='ltr' id='par_1_6' title="bbox 463 4710 965 4793">
     <span class='ocr_line' id='line_1_30' title="bbox 463 4710 965 4793; baseline 0.008 -19"><span class='ocrx_word' id='word_1_108' title='bbox 463 4710 781 4793; x_wconf 84' lang='lat' dir='ltr'><strong>magister</strong></span> <span class='ocrx_word' id='word_1_109' title='bbox 825 4713 965 4778; x_wconf 87' lang='lat' dir='ltr'><strong>eius</strong></span> 
     </span>
    </p>
   </div>
   <div class='ocr_carea' id='block_1_7' title="bbox 1434 674 1749 742">
    <p class='ocr_par' dir='ltr' id='par_1_7' title="bbox 1434 674 1749 742">
     <span class='ocr_line' id='line_1_31' title="bbox 1434 674 1749 742; baseline 0.01 -4"><span class='ocrx_word' id='word_1_110' title='bbox 1434 674 1618 741; x_wconf 80' lang='lat' dir='ltr'><strong>Mtc</strong></span> <span class='ocrx_word' id='word_1_111' title='bbox 1671 676 1749 742; x_wconf 89' lang='lat'><strong>10</strong></span> 
     </span>
    </p>
   </div>
   <div class='ocr_carea' id='block_1_8' title="bbox 1797 876 2565 944">
    <p class='ocr_par' dir='ltr' id='par_1_8' title="bbox 1797 876 2565 944">
     <span class='ocr_line' id='line_1_32' title="bbox 1797 876 2565 944; baseline -0.005 0"><span class='ocrx_word' id='word_1_112' title='bbox 1797 883 1866 944; x_wconf 87' lang='lat' dir='ltr'><strong>et</strong></span> <span class='ocrx_word' id='word_1_113' title='bbox 1909 898 2136 943; x_wconf 82' lang='lat' dir='ltr'><strong>seruus</strong></span> <span class='ocrx_word' id='word_1_114' title='bbox 2178 878 2346 942; x_wconf 83' lang='lat' dir='ltr'><strong>sieut</strong></span> <span class='ocrx_word' id='word_1_115' title='bbox 2390 876 2565 941; x_wconf 87' lang='lat' dir='ltr'><strong>domi</strong></span> 
     </span>
    </p>
   </div>
   <div class='ocr_carea' id='block_1_9' title="bbox 1799 1027 2659 1112">
    <p class='ocr_par' dir='ltr' id='par_1_9' title="bbox 1799 1027 2659 1112">
     <span class='ocr_line' id='line_1_33' title="bbox 1799 1027 2659 1112; baseline -0.003 -18"><span class='ocrx_word' id='word_1_116' title='bbox 1799 1049 1919 1094; x_wconf 88' lang='lat' dir='ltr'><strong>nus</strong></span> <span class='ocrx_word' id='word_1_117' title='bbox 1968 1029 2108 1095; x_wconf 89' lang='lat' dir='ltr'><strong>eius</strong></span> <span class='ocrx_word' id='word_1_118' title='bbox 2153 1028 2222 1094; x_wconf 84' lang='lat' dir='ltr'><strong>Si</strong></span> <span class='ocrx_word' id='word_1_119' title='bbox 2271 1035 2457 1112; x_wconf 76' lang='lat' dir='ltr'><strong>patre</strong></span> <span class='ocrx_word' id='word_1_120' title='bbox 2499 1027 2659 1093; x_wconf 79' lang='lat' dir='ltr'><strong>sami</strong></span> 
     </span>
    </p>
   </div>
   <div class='ocr_carea' id='block_1_10' title="bbox 1629 1115 1766 1153">
    <p class='ocr_par' dir='ltr' id='par_1_10' title="bbox 1629 1115 1766 1153">
     <span class='ocr_line' id='line_1_34' title="bbox 1629 1115 1766 1153; baseline -0.015 0"><span class='ocrx_word' id='word_1_121' title='bbox 1629 1119 1691 1153; x_wconf 72' lang='lat' dir='ltr'><strong>int</strong></span> <span class='ocrx_word' id='word_1_122' title='bbox 1717 1115 1766 1152; x_wconf 67' lang='lat'><strong>⁹2</strong></span> 
     </span>
    </p>
   </div>
   <div class='ocr_carea' id='block_1_11' title="bbox 1684 1166 2565 1278">
    <p class='ocr_par' dir='ltr' id='par_1_11' title="bbox 1684 1166 2565 1278">
     <span class='ocr_line' id='line_1_35' title="bbox 1684 1166 2565 1278; baseline -0.005 -30"><span class='ocrx_word' id='word_1_123' title='bbox 1684 1166 1729 1202; x_wconf 89' lang='lat'><strong>¹⁰</strong></span> <span class='ocrx_word' id='word_1_124' title='bbox 1788 1182 1931 1278; x_wconf 39' lang='lat' dir='ltr'><strong>‘lias</strong></span> <span class='ocrx_word' id='word_1_125' title='bbox 1977 1181 2268 1246; x_wconf 86' lang='lat' dir='ltr'><strong>belzebul</strong></span> <span class='ocrx_word' id='word_1_126' title='bbox 2313 1200 2565 1245; x_wconf 77' lang='lat' dir='ltr'><strong>noeane</strong></span> 
     </span>
    </p>
   </div>
   <div class='ocr_carea' id='block_1_12' title="bbox 1628 1331 2607 1872">
    <p class='ocr_par' dir='ltr' id='par_1_12' title="bbox 1628 1331 2551 1552">
     <span class='ocr_line' id='line_1_36' title="bbox 1797 1331 2490 1416; baseline -0.001 -18"><span class='ocrx_word' id='word_1_127' title='bbox 1797 1340 1947 1398; x_wconf 85' lang='lat' dir='ltr'><strong>runt</strong></span> <span class='ocrx_word' id='word_1_128' title='bbox 1993 1338 2236 1416; x_wconf 81' lang='lat' dir='ltr'><strong>quanto</strong></span> <span class='ocrx_word' id='word_1_129' title='bbox 2281 1331 2490 1414; x_wconf 83' lang='lat' dir='ltr'><strong>magis</strong></span> 
     </span>
     <span class='ocr_line' id='line_1_37' title="bbox 1628 1484 2551 1552; baseline -0.004 0"><span class='ocrx_word' id='word_1_130' title='bbox 1628 1489 1711 1552; x_wconf 82' lang='grc'><strong>26</strong></span> <span class='ocrx_word' id='word_1_131' title='bbox 1799 1484 2193 1551; x_wconf 76' lang='lat' dir='ltr'><strong>domesticos</strong></span> <span class='ocrx_word' id='word_1_132' title='bbox 2239 1484 2379 1549; x_wconf 88' lang='lat' dir='ltr'><strong>eius</strong></span> <span class='ocrx_word' id='word_1_133' title='bbox 2422 1503 2551 1548; x_wconf 84' lang='lat' dir='ltr'><strong>non</strong></span> 
     </span>
    </p>

    <p class='ocr_par' dir='ltr' id='par_1_13' title="bbox 1798 1636 2512 1722">
     <span class='ocr_line' id='line_1_38' title="bbox 1798 1636 2512 1722; baseline -0.007 -19"><span class='ocrx_word' id='word_1_134' title='bbox 1798 1659 1959 1722; x_wconf 86' lang='lat' dir='ltr'><strong>ergo</strong></span> <span class='ocrx_word' id='word_1_135' title='bbox 2004 1636 2353 1701; x_wconf 83' lang='lat' dir='ltr'><strong>timueritis</strong></span> <span class='ocrx_word' id='word_1_136' title='bbox 2399 1656 2512 1701; x_wconf 89' lang='lat' dir='ltr'><strong>eos</strong></span> 
     </span>
    </p>

    <p class='ocr_par' dir='ltr' id='par_1_14' title="bbox 1796 1764 2607 1872">
     <span class='ocr_line' id='line_1_39' title="bbox 1796 1764 2607 1872; baseline -0.001 -18"><span class='ocrx_word' id='word_1_137' title='bbox 1796 1790 1979 1854; x_wconf 88' lang='lat' dir='ltr'><strong>Nihil</strong></span> <span class='ocrx_word' id='word_1_138' title='bbox 2026 1801 2134 1855; x_wconf 87' lang='lat' dir='ltr'><strong>eni</strong></span> <span class='ocrx_word' id='word_1_139' title='bbox 2179 1764 2607 1872; x_wconf 47' lang='lat' dir='ltr'><strong>opertsi‘qwd</strong></span> 
     </span>
    </p>
   </div>
   <div class='ocr_carea' id='block_1_13' title="bbox 1621 1940 2478 2018">
    <p class='ocr_par' dir='ltr' id='par_1_15' title="bbox 1621 1940 2478 2018">
     <span class='ocr_line' id='line_1_40' title="bbox 1621 1940 2478 2018; baseline -0.008 -7"><span class='ocrx_word' id='word_1_140' title='bbox 1621 1981 1682 2016; x_wconf 66' lang='lat' dir='ltr'><strong>‚m</strong></span> <span class='ocrx_word' id='word_1_141' title='bbox 1709 1979 1760 2018; x_wconf 67' lang='lat'><strong>9,</strong></span> <span class='ocrx_word' id='word_1_142' title='bbox 1795 1963 1926 2008; x_wconf 88' lang='lat' dir='ltr'><strong>non</strong></span> <span class='ocrx_word' id='word_1_143' title='bbox 1973 1940 2367 2009; x_wconf 84' lang='lat' dir='ltr'><strong>reuelabitur</strong></span> <span class='ocrx_word' id='word_1_144' title='bbox 2412 1944 2478 2004; x_wconf 85' lang='lat' dir='ltr'><strong>et</strong></span> 
     </span>
    </p>
   </div>
   <div class='ocr_carea' id='block_1_14' title="bbox 1619 2080 2586 2177">
    <p class='ocr_par' dir='ltr' id='par_1_16' title="bbox 1619 2080 2586 2177">
     <span class='ocr_line' id='line_1_41' title="bbox 1619 2080 2586 2177; baseline -0.014 -9"><span class='ocrx_word' id='word_1_145' title='bbox 1619 2080 1764 2170; x_wconf 59' lang='grc' dir='ltr'><strong>ι’ἷέἐῖιο</strong></span> <span class='ocrx_word' id='word_1_146' title='bbox 1793 2095 2052 2163; x_wconf 76' lang='lat' dir='ltr'><strong>oeeuitfl</strong></span> <span class='ocrx_word' id='word_1_147' title='bbox 2096 2093 2270 2177; x_wconf 84' lang='lat' dir='ltr'>quod</span> <span class='ocrx_word' id='word_1_148' title='bbox 2316 2112 2445 2156; x_wconf 85' lang='lat' dir='ltr'><strong>non</strong></span> <span class='ocrx_word' id='word_1_149' title='bbox 2490 2089 2586 2155; x_wconf 84' lang='lat' dir='ltr'><strong>sei</strong></span> 
     </span>
    </p>
   </div>
   <div class='ocr_carea' id='block_1_15' title="bbox 1617 2241 2577 2329">
    <p class='ocr_par' dir='ltr' id='par_1_17' title="bbox 1617 2241 2577 2329">
     <span class='ocr_line' id='line_1_42' title="bbox 1617 2241 2577 2329; baseline -0.013 -12"><span class='ocrx_word' id='word_1_150' title='bbox 1617 2253 1697 2317; x_wconf 84' lang='grc'><strong>27</strong></span> <span class='ocrx_word' id='word_1_151' title='bbox 1788 2258 1931 2316; x_wconf 86' lang='lat' dir='ltr'><strong>etur</strong></span> <span class='ocrx_word' id='word_1_152' title='bbox 1976 2244 2149 2329; x_wconf 86' lang='lat' dir='ltr'>quod</span> <span class='ocrx_word' id='word_1_153' title='bbox 2195 2243 2343 2309; x_wconf 85' lang='lat' dir='ltr'><strong>dieo</strong></span> <span class='ocrx_word' id='word_1_154' title='bbox 2389 2241 2577 2307; x_wconf 90' lang='lat' dir='ltr'><strong>uobis</strong></span> 
     </span>
    </p>
   </div>
   <div class='ocr_carea' id='block_1_16' title="bbox 1621 2338 1760 2376">
    <p class='ocr_par' dir='ltr' id='par_1_18' title="bbox 1621 2338 1760 2376">
     <span class='ocr_line' id='line_1_43' title="bbox 1621 2338 1760 2376; baseline -0.014 0"><span class='ocrx_word' id='word_1_155' title='bbox 1621 2340 1685 2376; x_wconf 74' lang='lat' dir='ltr'><strong>tut</strong></span> <span class='ocrx_word' id='word_1_156' title='bbox 1710 2338 1760 2375; x_wconf 76' lang='grc'><strong>94</strong></span> 
     </span>
    </p>
   </div>
   <div class='ocr_carea' id='block_1_17' title="bbox 1622 2389 2557 2477">
    <p class='ocr_par' dir='ltr' id='par_1_19' title="bbox 1622 2389 2557 2477">
     <span class='ocr_line' id='line_1_44' title="bbox 1622 2389 2557 2477; baseline -0.015 -7"><span class='ocrx_word' id='word_1_157' title='bbox 1622 2389 1768 2477; x_wconf 70' lang='lat' dir='ltr'><strong>10⁶u³</strong></span> <span class='ocrx_word' id='word_1_158' title='bbox 1798 2402 1866 2466; x_wconf 90' lang='lat' dir='ltr'><strong>in</strong></span> <span class='ocrx_word' id='word_1_159' title='bbox 1911 2394 2199 2464; x_wconf 84' lang='lat' dir='ltr'><strong>tenebris</strong></span> <span class='ocrx_word' id='word_1_160' title='bbox 2246 2393 2444 2459; x_wconf 84' lang='lat' dir='ltr'><strong>dieite</strong></span> <span class='ocrx_word' id='word_1_161' title='bbox 2489 2393 2557 2457; x_wconf 86' lang='lat' dir='ltr'><strong>in</strong></span> 
     </span>
    </p>
   </div>
   <div class='ocr_carea' id='block_1_18' title="bbox 1616 2544 2695 4613">
    <p class='ocr_par' dir='ltr' id='par_1_20' title="bbox 1788 2544 2607 2796">
     <span class='ocr_line' id='line_1_45' title="bbox 1790 2544 2607 2629; baseline -0.01 -12"><span class='ocrx_word' id='word_1_162' title='bbox 1790 2550 2037 2618; x_wconf 90' lang='lat' dir='ltr'><strong>lumine</strong></span> <span class='ocrx_word' id='word_1_163' title='bbox 2082 2554 2147 2615; x_wconf 83' lang='lat' dir='ltr'><strong>et</strong></span> <span class='ocrx_word' id='word_1_164' title='bbox 2191 2545 2364 2629; x_wconf 88' lang='lat' dir='ltr'>quod</span> <span class='ocrx_word' id='word_1_165' title='bbox 2410 2544 2477 2609; x_wconf 90' lang='lat' dir='ltr'><strong>in</strong></span> <span class='ocrx_word' id='word_1_166' title='bbox 2524 2564 2607 2610; x_wconf 83' lang='lat' dir='ltr'><strong>au</strong></span> 
     </span>
     <span class='ocr_line' id='line_1_46' title="bbox 1788 2697 2549 2796; baseline -0.012 -25"><span class='ocrx_word' id='word_1_167' title='bbox 1788 2725 1859 2771; x_wconf 83' lang='lat' dir='ltr'><strong>re</strong></span> <span class='ocrx_word' id='word_1_168' title='bbox 1905 2700 2147 2770; x_wconf 84' lang='lat' dir='ltr'><strong>auditis</strong></span> <span class='ocrx_word' id='word_1_169' title='bbox 2194 2697 2549 2796; x_wconf 55' lang='lat' dir='ltr'><strong>praedicate</strong></span> 
     </span>
    </p>

    <p class='ocr_par' dir='ltr' id='par_1_21' title="bbox 1616 2834 2625 3858">
     <span class='ocr_line' id='line_1_47' title="bbox 1616 2834 2561 2941; baseline -0.011 -15"><span class='ocrx_word' id='word_1_170' title='bbox 1616 2862 1724 2925; x_wconf 45' lang='lat'><strong>28*</strong></span> <span class='ocrx_word' id='word_1_171' title='bbox 1787 2876 1984 2941; x_wconf 86' lang='lat' dir='ltr'><strong>super</strong></span> <span class='ocrx_word' id='word_1_172' title='bbox 2029 2834 2204 2919; x_wconf 68' lang='lat' dir='ltr'><strong>teeia</strong></span> <span class='ocrx_word' id='word_1_173' title='bbox 2247 2856 2315 2918; x_wconf 84' lang='lat' dir='ltr'><strong>et</strong></span> <span class='ocrx_word' id='word_1_174' title='bbox 2358 2849 2561 2916; x_wconf 85' lang='lat' dir='ltr'><strong>nolite</strong></span> 
     </span>
     <span class='ocr_line' id='line_1_48' title="bbox 1787 3000 2520 3085; baseline -0.012 -12"><span class='ocrx_word' id='word_1_175' title='bbox 1787 3008 2018 3074; x_wconf 85' lang='lat' dir='ltr'><strong>timere</strong></span> <span class='ocrx_word' id='word_1_176' title='bbox 2065 3024 2177 3071; x_wconf 88' lang='lat' dir='ltr'><strong>eos</strong></span> <span class='ocrx_word' id='word_1_177' title='bbox 2223 3002 2334 3085; x_wconf 87' lang='lat' dir='ltr'><strong>qui</strong></span> <span class='ocrx_word' id='word_1_178' title='bbox 2379 3000 2520 3066; x_wconf 88' lang='lat' dir='ltr'><strong>oeei</strong></span> 
     </span>
     <span class='ocr_line' id='line_1_49' title="bbox 1789 3123 2625 3241; baseline -0.011 -16"><span class='ocrx_word' id='word_1_179' title='bbox 1789 3159 1952 3225; x_wconf 86' lang='lat' dir='ltr'><strong>dunt</strong></span> <span class='ocrx_word' id='word_1_180' title='bbox 1996 3157 2229 3241; x_wconf 63' lang='lat' dir='ltr'><strong>eorpus</strong></span> <span class='ocrx_word' id='word_1_181' title='bbox 2276 3123 2514 3220; x_wconf 55' lang='lat' dir='ltr'><strong>animai</strong></span> <span class='ocrx_word' id='word_1_182' title='bbox 2542 3172 2625 3218; x_wconf 84' lang='lat' dir='ltr'><strong>au</strong></span> 
     </span>
     <span class='ocr_line' id='line_1_50' title="bbox 1788 3302 2532 3392; baseline -0.013 -14"><span class='ocrx_word' id='word_1_183' title='bbox 1788 3320 1854 3378; x_wconf 78' lang='lat' dir='ltr'><strong>te</strong></span> <span class='ocrx_word' id='word_1_184' title='bbox 1901 3330 2030 3375; x_wconf 90' lang='lat' dir='ltr'><strong>non</strong></span> <span class='ocrx_word' id='word_1_185' title='bbox 2074 3312 2349 3392; x_wconf 90' lang='lat' dir='ltr'><strong>possunt</strong></span> <span class='ocrx_word' id='word_1_186' title='bbox 2394 3302 2532 3370; x_wconf 86' lang='lat' dir='ltr'><strong>oeei</strong></span> 
     </span>
     <span class='ocr_line' id='line_1_51' title="bbox 1789 3455 2594 3543; baseline -0.012 -14"><span class='ocrx_word' id='word_1_187' title='bbox 1789 3464 1945 3529; x_wconf 86' lang='lat' dir='ltr'><strong>dere</strong></span> <span class='ocrx_word' id='word_1_188' title='bbox 1990 3459 2107 3527; x_wconf 87' lang='lat' dir='ltr'><strong>sed</strong></span> <span class='ocrx_word' id='word_1_189' title='bbox 2153 3458 2371 3543; x_wconf 85' lang='lat' dir='ltr'><strong>potius</strong></span> <span class='ocrx_word' id='word_1_190' title='bbox 2417 3467 2497 3524; x_wconf 71' lang='lat' dir='ltr'><strong>esi</strong></span> <span class='ocrx_word' id='word_1_191' title='bbox 2544 3455 2594 3520; x_wconf 86' lang='lat' dir='ltr'><strong>ti</strong></span> 
     </span>
     <span class='ocr_line' id='line_1_52' title="bbox 1785 3610 2530 3697; baseline -0.008 -16"><span class='ocrx_word' id='word_1_192' title='bbox 1785 3622 1958 3680; x_wconf 89' lang='lat' dir='ltr'><strong>mete</strong></span> <span class='ocrx_word' id='word_1_193' title='bbox 2003 3614 2112 3697; x_wconf 81' lang='lat' dir='ltr'><strong>qui</strong></span> <span class='ocrx_word' id='word_1_194' title='bbox 2160 3618 2375 3697; x_wconf 83' lang='lat' dir='ltr'><strong>potest</strong></span> <span class='ocrx_word' id='word_1_195' title='bbox 2419 3610 2530 3677; x_wconf 83' lang='lat' dir='ltr'><strong>ani</strong></span> 
     </span>
     <span class='ocr_line' id='line_1_53' title="bbox 1786 3761 2594 3858; baseline -0.009 -26"><span class='ocrx_word' id='word_1_196' title='bbox 1786 3779 1892 3832; x_wconf 67' lang='lat' dir='ltr'><strong>ma</strong></span> <span class='ocrx_word' id='word_1_197' title='bbox 1934 3774 1999 3833; x_wconf 82' lang='lat' dir='ltr'><strong>et</strong></span> <span class='ocrx_word' id='word_1_198' title='bbox 2042 3784 2276 3858; x_wconf 73' lang='lat' dir='ltr'><strong>cerpus</strong></span> <span class='ocrx_word' id='word_1_199' title='bbox 2320 3761 2594 3847; x_wconf 85' lang='lat' dir='ltr'><strong>perdere</strong></span> 
     </span>
    </p>

    <p class='ocr_par' dir='ltr' id='par_1_22' title="bbox 1618 3912 2695 4613">
     <span class='ocr_line' id='line_1_54' title="bbox 1618 3912 2643 4004; baseline -0.011 -18"><span class='ocrx_word' id='word_1_200' title='bbox 1618 3924 1700 3988; x_wconf 84' lang='grc'><strong>29</strong></span> <span class='ocrx_word' id='word_1_201' title='bbox 1789 3922 1855 3986; x_wconf 91' lang='lat' dir='ltr'><strong>in</strong></span> <span class='ocrx_word' id='word_1_202' title='bbox 1904 3919 2210 4004; x_wconf 62' lang='lat' dir='ltr'><strong>gehenna</strong></span> <span class='ocrx_word' id='word_1_203' title='bbox 2255 3934 2470 3981; x_wconf 90' lang='lat' dir='ltr'><strong>nonne</strong></span> <span class='ocrx_word' id='word_1_204' title='bbox 2516 3912 2643 3978; x_wconf 88' lang='lat' dir='ltr'><strong>dvo</strong></span> 
     </span>
     <span class='ocr_line' id='line_1_55' title="bbox 1788 4071 2480 4157; baseline -0.004 -18"><span class='ocrx_word' id='word_1_205' title='bbox 1788 4092 2090 4157; x_wconf 80' lang='lat' dir='ltr'><strong>passeres</strong></span> <span class='ocrx_word' id='word_1_206' title='bbox 2136 4090 2286 4137; x_wconf 84' lang='lat' dir='ltr'><strong>asse</strong></span> <span class='ocrx_word' id='word_1_207' title='bbox 2332 4071 2480 4139; x_wconf 89' lang='lat' dir='ltr'><strong>ueni</strong></span> 
     </span>
     <span class='ocr_line' id='line_1_56' title="bbox 1786 4223 2695 4293; baseline 0.002 -4"><span class='ocrx_word' id='word_1_208' title='bbox 1786 4232 1904 4290; x_wconf 82' lang='lat' dir='ltr'><strong>unt</strong></span> <span class='ocrx_word' id='word_1_209' title='bbox 1948 4232 2013 4289; x_wconf 90' lang='lat' dir='ltr'><strong>et</strong></span> <span class='ocrx_word' id='word_1_210' title='bbox 2055 4244 2220 4289; x_wconf 87' lang='lat' dir='ltr'><strong>unus</strong></span> <span class='ocrx_word' id='word_1_211' title='bbox 2264 4244 2346 4290; x_wconf 82' lang='lat' dir='ltr'><strong>ex</strong></span> <span class='ocrx_word' id='word_1_212' title='bbox 2392 4223 2523 4289; x_wconf 87' lang='lat' dir='ltr'><strong>illis</strong></span> <span class='ocrx_word' id='word_1_213' title='bbox 2569 4247 2695 4293; x_wconf 91' lang='lat' dir='ltr'><strong>non</strong></span> 
     </span>
     <span class='ocr_line' id='line_1_57' title="bbox 1787 4375 2535 4460; baseline 0.001 -19"><span class='ocrx_word' id='word_1_214' title='bbox 1787 4375 1979 4442; x_wconf 79' lang='lat' dir='ltr'><strong>cadet</strong></span> <span class='ocrx_word' id='word_1_215' title='bbox 2023 4395 2220 4460; x_wconf 87' lang='lat' dir='ltr'><strong>super</strong></span> <span class='ocrx_word' id='word_1_216' title='bbox 2265 4382 2438 4442; x_wconf 64' lang='lat' dir='ltr'><strong>terra</strong></span> <span class='ocrx_word' id='word_1_217' title='bbox 2481 4377 2535 4442; x_wconf 88' lang='lat' dir='ltr'><strong>si</strong></span> 
     </span>
     <span class='ocr_line' id='line_1_58' title="bbox 1787 4528 2495 4613; baseline 0 -20"><span class='ocrx_word' id='word_1_218' title='bbox 1787 4551 1870 4593; x_wconf 89' lang='lat' dir='ltr'><strong>ne</strong></span> <span class='ocrx_word' id='word_1_219' title='bbox 1914 4528 2121 4613; x_wconf 84' lang='lat' dir='ltr'><strong>patris</strong></span> <span class='ocrx_word' id='word_1_220' title='bbox 2169 4529 2365 4594; x_wconf 85' lang='lat' dir='ltr'><strong>uestri</strong></span> <span class='ocrx_word' id='word_1_221' title='bbox 2415 4549 2495 4593; x_wconf 88' lang='lat' dir='ltr'><strong>uo</strong></span> 
     </span>
    </p>
   </div>
   <div class='ocr_carea' id='block_1_19' title="bbox 1783 4656 2667 4765">
    <p class='ocr_par' dir='ltr' id='par_1_23' title="bbox 1783 4656 2667 4765">
     <span class='ocr_line' id='line_1_59' title="bbox 1783 4656 2667 4765; baseline 0.003 -21"><span class='ocrx_word' id='word_1_222' title='bbox 1783 4656 2035 4745; x_wconf 82' lang='lat' dir='ltr'><strong>luntate</strong></span> <span class='ocrx_word' id='word_1_223' title='bbox 2074 4682 2184 4765; x_wconf 88' lang='lat' dir='ltr'><strong>qui</strong></span> <span class='ocrx_word' id='word_1_224' title='bbox 2231 4681 2298 4746; x_wconf 89' lang='lat' dir='ltr'><strong>in</strong></span> <span class='ocrx_word' id='word_1_225' title='bbox 2343 4682 2521 4748; x_wconf 83' lang='lat' dir='ltr'><strong>eaelis</strong></span> <span class='ocrx_word' id='word_1_226' title='bbox 2567 4690 2667 4749; x_wconf 85' lang='lat' dir='ltr'><strong>est</strong></span> 
     </span>
    </p>
   </div>
  </div>
 </body>
</html>
