3634 5717
703 680 821 764 132'

765 900 806 963 3
894 900 1116 969 audite
1157 923 1307 971 ecce
1355 905 1517 970 exiit
1560 925 1632 969 se

898 1054 1155 1120 minans
1204 1054 1287 1121 ad
1334 1012 1631 1124 seminan

765 1205 808 1267 4
894 1206 1047 1270 dum
1093 1214 1159 1272 et
1203 1207 1354 1272 dum
1402 1210 1684 1275 seminat

895 1357 1074 1423 aliud
1123 1359 1361 1425 cecidit
1406 1361 1581 1425 circa

894 1509 1071 1574 niam
1119 1519 1184 1577 et
1229 1520 1547 1578 uenerunt

896 1660 1190 1726 uolucres
1236 1670 1302 1727 et
1345 1683 1528 1729 come

763 1813 805 1876 5
893 1809 1128 1877 derunt
1173 1812 1334 1878 illud
1379 1814 1559 1879 aliud
1606 1835 1685 1880 ue

886 1984 958 2028 ro
1006 1964 1244 2030 cecidit
1289 1984 1487 2048 super
1531 1986 1613 2049 pe

886 2121 1066 2181 trosa
1108 2116 1216 2182 nbi
1263 2138 1390 2182 non
1436 2118 1634 2183 habet

883 2271 1056 2331 terra
1102 2268 1372 2333 multam
1418 2275 1484 2334 et
1528 2278 1631 2333 sta

879 2419 997 2483 tim
1043 2421 1272 2485 exortfi
1321 2427 1420 2485 est
1465 2433 1591 2504 qno

877 2592 1006 2636 non
1055 2571 1340 2638 habebat
1387 2574 1583 2657 altitu,

749 2723 790 2785 6
876 2722 1029 2787 dine
1078 2730 1267 2789 terrae
1314 2732 1380 2791 et
1425 2746 1595 2807 quan

878 2877 962 2941 do
1009 2884 1272 2941 exortus
1319 2884 1420 2942 est
1462 2877 1558 2942 sol

876 3028 1205 3095 aestuauit
1249 3035 1314 3094 et
1359 3049 1436 3093 eo
1484 3029 1567 3111 qo

874 3201 1004 3245 non
1048 3179 1321 3246 haberet
1365 3179 1584 3244 radice

707 3329 779 3393 ,7
869 3332 1141 3397 exaruit.
1187 3339 1254 3397 et
1296 3331 1478 3397 aliud
1524 3352 1597 3398 ce

869 3483 1031 3548 cidit
1075 3483 1141 3547 in
1188 3484 1416 3567 spinas
1465 3489 1531 3548 et
1574 3505 1648 3549 as

867 3633 1226 3701 cendemnt
1268 3635 1477 3719 spinae
1524 3644 1589 3701 et

864 3786 1345 3853 suffocauerunt
1388 3787 1550 3854 illud

863 3945 930 4005 et
973 3939 1184 4005 fructfi
1231 3960 1358 4003 non
1408 3939 1594 4003 dedit
1636 3996 1641 4001 .

733 4093 772 4156 8
859 4099 926 4158 et
970 4090 1150 4156 alind
1196 4088 1435 4154 cecidit
1473 4088 1538 4152 in

858 4247 1032 4307 terra
1076 4241 1312 4304 bonam
1360 4247 1425 4304 et
1469 4240 1671 4305 dabat

858 4396 1067 4459 fructi]
1117 4391 1512 4457 ascendente

855 4553 921 4612 et
965 4549 1366 4610 crescentem
1414 4549 1480 4608 et
1524 4542 1610 4608 ad

852 4697 1106 4764 serebat
1148 4695 1363 4761 fructn
1405 4706 1537 4761 nnn

1877 702 2148 767 Mrc4

2222 905 2664 972 tricensimum
2712 913 2778 971 et
2823 927 2862 972 u

2220 1066 2310 1119 nn
2354 1058 2821 1140 sexagensimfi
2871 1068 2936 1124 et

2089 1214 2130 1275 9
2219 1227 2414 1271 unum
2460 1209 2804 1274 centisimfl
2853 1218 2920 1277 et

2220 1357 2492 1425 dicebat
2527 1360 2633 1442 qui
2679 1330 2878 1427 habet

2219 1531 2409 1577 aures
2455 1511 2769 1577 audiendi
2814 1532 2895 1577 au

2055 1673 2132 1735 10
2218 1662 2357 1729 diat
2403 1671 2469 1729 et
2513 1684 2658 1729 cum
2701 1672 2876 1730 esset

2214 1816 2570 1897 singularis
2617 1815 2861 1881 interro

2212 1976 2536 2049 gauerunt
2581 1989 2726 2034 eum
2774 1968 2864 2033 hii

2210 2120 2318 2200 qui
2370 2140 2514 2184 cnm
2560 2142 2639 2186 eo
2685 2129 2872 2186 erant

2208 2268 2555 2335 duodecim
2602 2270 2685 2336 de
2730 2291 2892 2354 para

2041 2417 2102 2477 11
2205 2420 2372 2485 bolis
2420 2429 2484 2487 ct
2539 2422 2836 2488 discebat
2880 2422 2976 2486 eis

2204 2572 2390 2638 nobis
2435 2573 2659 2639 datum
2707 2580 2807 2639 est
2850 2593 2968 2639 nos

2202 2743 2273 2788 se
2319 2726 2636 2809 mysterifi
2676 2726 2862 2810 regni

2201 2874 2290 2940 di.
2337 2876 2478 2941 Illis
2525 2885 2674 2943 autc
2723 2877 2832 2959 qni
2875 2876 3034 2940 foris

2199 3034 2350 3091 sunt
2388 3027 2451 3092 in
2496 2987 2829 3112 parabolis

2031 3175 2107 3239 12
2195 3179 2418 3244 omnia
2462 3180 2626 3245 fiunt
2668 3186 2739 3244 nt
2783 3178 2980 3244 niden

1989 3364 2131 3404 mt34
2194 3337 2293 3395 tes
2337 3330 2607 3397 uideant
2652 3339 2717 3397 et
2756 3351 2885 3395 non

2195 3482 2467 3547 uideant
2511 3491 2574 3549 et
2619 3437 2856 3548 andien

2188 3642 2287 3700 tes
2335 3634 2609 3700 audiant
2657 3643 2722 3700 et
2759 3655 2887 3700 non

2187 3786 2581 3869 intellegant
2620 3806 2703 3851 ne
2748 3806 2918 3868 quan

2186 3937 2271 4002 do
2313 3944 2775 4002 conuertantur

2186 4094 2251 4155 et
2294 4051 2709 4154 dimittantur
2748 4089 2844 4153 eis

2018 4244 2092 4307 13
2180 4248 2454 4325 peccata
2498 4247 2565 4306 et
2608 4240 2703 4304 ait
2745 4239 2879 4303 illis

2180 4392 2449 4459 nescitis
2495 4391 2811 4476 parabola

2177 4544 2346 4611 hanc
2389 4549 2457 4609 et
2500 4544 2762 4626 qnando
2806 4562 2912 4608 om

2173 4715 2290 4760 nes
2338 4695 2688 4780 parabolas
2733 4716 2858 4780 cog

2342 4829 2628 4896 noscetis
