3634 5717
376 656 497 722 Fol
545 656 627 722 73

580 864 647 926 et
690 857 940 926 duobus
984 858 1211 943 piscib'

580 1011 839 1077 intuens
884 1010 952 1076 in
997 1010 1186 1078 caelu
1232 1012 1312 1077 bc

579 1162 836 1230 nedixit
879 1168 946 1229 et
989 1161 1187 1246 fregit
1229 1183 1318 1247 pa

579 1334 697 1381 nes
741 1321 810 1380 et
852 1313 1036 1380 dedit
1079 1312 1244 1382 disci

578 1466 752 1552 pulis
794 1466 932 1532 suis
977 1472 1047 1532 ut
1089 1487 1261 1551 pone

583 1625 730 1684 rent
774 1623 927 1685 ante
970 1637 1084 1684 eos
1124 1624 1192 1684 et

581 1771 744 1837 duos
789 1770 1005 1854 pisces
1050 1768 1279 1836 diuisit

407 1926 492 1991 42
579 1922 815 1988 omnib’
859 1927 925 1987 et
966 1920 1292 1988 manduca

581 2080 815 2140 uerunt
857 2092 1082 2140 omues
1129 2079 1196 2138 et

412 2216 494 2281 43
582 2225 857 2293 saturati
899 2230 1052 2292 sunt
1092 2231 1161 2292 et
1202 2243 1312 2291 sus
1386 2318 1391 2321 -

579 2377 867 2445 tulerunt
907 2376 1145 2461 reliqui

580 2547 654 2593 as
699 2527 1142 2613 fragmentorfi

582 2678 861 2746 duodeci
906 2678 1223 2763 cophinos
1267 2680 1376 2765 ple

411 2826 497 2890 44
543 2798 699 2897 'nos
745 2836 812 2895 ct
854 2829 937 2897 de
981 2830 1207 2915 piscib'
1251 2851 1323 2900 er

579 2989 695 3048 ant
733 2987 884 3049 aute
929 2982 1040 3066 qui
1083 2982 1407 3051 manduca

578 3140 811 3200 uerunt
853 3132 1072 3217 quinq’
1114 3132 1300 3200 milia

404 3285 521 3393 45?
574 3284 857 3352 uirorum
906 3284 988 3349 Et
1034 3290 1191 3352 stati
1236 3304 1353 3351 coc

376 3372 525 3517 3:⁵³9)
580 3435 679 3521 git
722 3434 1080 3520 discipulos
1124 3454 1275 3502 suos

579 3585 935 3654 ascendere
978 3606 1212 3655 nauem

578 3746 650 3806 ut
685 3737 1134 3824 praecederent
1176 3739 1259 3805 eti

583 3895 765 3956 trans
809 3890 977 3957 freter
1022 3888 1108 3956 ad
1150 3888 1384 3956 bethsa

584 4039 697 4106 ida
734 4039 887 4107 dum
932 4040 1076 4125 ipse
1119 4038 1312 4107 dimit

412 4200 499 4266 46
584 4196 753 4257 teret
795 4191 1106 4275 popvlum
1149 4190 1234 4256 Et
1275 4200 1357 4256 cu

380 4284 552 4431 :1²30
585 4339 995 4426 dimi[si]sset
1038 4360 1150 4407 eos
1195 4340 1360 4407 abiit

381 4438 429 4532 ²3
450 4437 507 4531 ἐξ
584 4490 650 4555 in
694 4497 912 4558 monte
958 4511 1146 4557 orare

1500 659 1780 727 Mrcss

1696 863 1837 991 2:¹30

1696 1011 1766 1042 mr
1791 998 1844 1043 67

1692 1049 1864 1145 ‘mt4151

1691 1152 1738 1195 io
1762 1151 1813 1195 51

1728 1304 1812 1368 48

1727 2519 1810 2585 49

2797 670 2919 735 143

1903 863 1988 928 Et
2030 865 2110 929 cu
2155 883 2303 931 sero
2348 872 2522 931 esset
2566 866 2672 932 fac

1899 1016 1971 1079 tu
2017 1022 2160 1083 erat
2204 1016 2395 1082 nauis
2439 1017 2506 1082 in
2550 1037 2656 1082 me

1901 1163 2012 1231 dio
2058 1166 2222 1233 mari
2265 1173 2331 1234 et
2375 1157 2479 1232 ihs
2522 1168 2700 1234 solus

1902 1316 1967 1382 in
2016 1321 2209 1383 terra.
2256 1324 2324 1385 et
2365 1319 2599 1385 uidens
2645 1340 2759 1387 eos

1899 1468 2276 1535 laborantes
2321 1468 2387 1534 in
2434 1470 2598 1537 remi

1899 1618 2120 1702 gando
2165 1627 2308 1688 erat
2350 1626 2501 1686 aute
2547 1620 2680 1689 illis
2725 1643 2848 1690 ucn

1897 1777 2001 1836 tus
2046 1770 2408 1838 contrarius
2452 1773 2548 1838 cir

1897 1938 1978 1986 ca
2020 1928 2317 2004 quartam
2364 1922 2601 2008 uigilia

1897 2070 2108 2138 noctis
2152 2073 2336 2140 uenit
2379 2074 2465 2141 ad
2510 2096 2624 2144 eos

1900 2221 2243 2291 ambulans
2287 2245 2485 2311 super
2529 2248 2637 2294 ma

1899 2394 1970 2439 re
2015 2381 2082 2440 ct
2124 2374 2390 2443 uolebat
2430 2383 2696 2461 pertran

1899 2524 2031 2591 sire
2073 2545 2187 2593 eos
2227 2533 2296 2595 at
2340 2526 2437 2594 illi
2484 2533 2556 2593 ut
2599 2529 2664 2595 ui

1898 2674 2135 2743 derunt
2179 2685 2256 2745 eir
2302 2680 2608 2747 ambulan

1857 2922 1868 2929 ἱ
1897 2834 1961 2893 te
2005 2848 2205 2914 super
2247 2851 2428 2901 mare
2461 2841 2633 2919 puta

1725 4187 1805 4252 51

1696 4283 1770 4315 mr
1792 4272 1845 4316 os

1896 2987 2130 3046 uerunt
2171 2981 2567 3067 phantasma

1897 3150 2044 3199 esse
2087 3138 2156 3199 ct
2196 3133 2577 3203 exclamans

1897 3288 2048 3349 runt
2090 3302 2317 3350 omnes
2361 3284 2471 3368 qui
2512 3295 2594 3352 eu

1897 3430 2203 3498 uiderunt
2245 3439 2313 3500 et
2349 3435 2665 3502 conturba

1897 3580 1950 3645 ti
1993 3588 2145 3646 sunt
2181 3588 2250 3648 et
2290 3589 2447 3650 stati
2491 3584 2639 3651 locu

1899 3737 2004 3798 tus
2047 3738 2150 3800 est
2192 3732 2274 3799 cti
2319 3731 2417 3798 eis
2460 3739 2528 3799 et
2569 3732 2685 3799 dix

1900 3882 1954 3947 it
2001 3882 2135 3949 illis
2181 3880 2504 3950 confidete
2548 3903 2690 3976 ego·

1900 4036 1979 4101 sti
2024 4010 2499 4101 nolite'timere

1900 4187 1983 4252 Et
2027 4184 2329 4253 ascendit
2372 4186 2440 4251 in
2485 4196 2656 4252 naue
2702 4186 2788 4252 ad

1696 4322 1870 4417 mt⁶153
1904 4336 2055 4403 illos
2100 4343 2168 4404 et
2209 4335 2493 4403 cessauit
2537 4355 2660 4403 uon

1900 4493 2005 4553 tus
2046 4486 2145 4552 illi
2189 4493 2340 4554 ante
2385 4485 2600 4570 magis
2643 4491 2748 4553 stu

1907 4638 2153 4723 pebant
2195 4642 2263 4703 et
2304 4634 2707 4701 mirabantur
