<?xml version="1.0" encoding="UTF-8"?>
<!DOCTYPE html PUBLIC "-//W3C//DTD XHTML 1.0 Transitional//EN"
    "http://www.w3.org/TR/xhtml1/DTD/xhtml1-transitional.dtd">
<html xmlns="http://www.w3.org/1999/xhtml" xml:lang="en" lang="en">
 <head>
  <title>
</title>
<meta http-equiv="Content-Type" content="text/html;charset=utf-8" />
  <meta name='ocr-system' content='tesseract 3.04.00' />
  <meta name='ocr-capabilities' content='ocr_page ocr_carea ocr_par ocr_line ocrx_word'/>
</head>
<body>
  <div class='ocr_page' id='page_1' title='image "./codexaureussive00belsgoog_0265.png"; bbox 0 0 3634 5717; ppageno 0'>
   <div class='ocr_carea' id='block_1_1' title="bbox 401 608 2941 681">
    <p class='ocr_par' dir='ltr' id='par_1_1' title="bbox 401 608 2941 681">
     <span class='ocr_line' id='line_1_1' title="bbox 401 608 2941 681; baseline 0.002 -6"><span class='ocrx_word' id='word_1_1' title='bbox 401 608 523 675; x_wconf 80' lang='lat' dir='ltr'><strong>Fol</strong></span> <span class='ocrx_word' id='word_1_2' title='bbox 570 609 688 676; x_wconf 89' lang='grc'><strong>101</strong></span> <span class='ocrx_word' id='word_1_3' title='bbox 1531 612 1624 679; x_wconf 82' lang='lat' dir='ltr'><strong>Lo</strong></span> <span class='ocrx_word' id='word_1_4' title='bbox 1666 612 1718 678; x_wconf 83' lang='lat' dir='ltr'>C</span> <span class='ocrx_word' id='word_1_5' title='bbox 1759 615 1800 679; x_wconf 86' lang='lat'>2</span> <span class='ocrx_word' id='word_1_6' title='bbox 2821 617 2941 681; x_wconf 87' lang='grc'><strong>199</strong></span> 
     </span>
    </p>
   </div>
   <div class='ocr_carea' id='block_1_2' title="bbox 383 768 2784 4242">
    <p class='ocr_par' dir='ltr' id='par_1_2' title="bbox 383 768 2784 4242">
     <span class='ocr_line' id='line_1_2' title="bbox 607 768 2691 897; baseline 0.001 -21"><span class='ocrx_word' id='word_1_7' title='bbox 607 808 1015 876; x_wconf 75' lang='lat' dir='ltr'><strong>laudantiiim</strong></span> <span class='ocrx_word' id='word_1_8' title='bbox 1061 810 1167 876; x_wconf 66' lang='grc' dir='ltr'><strong>ἀῶ</strong></span> <span class='ocrx_word' id='word_1_9' title='bbox 1212 818 1279 879; x_wconf 89' lang='lat' dir='ltr'><strong>et</strong></span> <span class='ocrx_word' id='word_1_10' title='bbox 1319 811 1385 879; x_wconf 86' lang='lat' dir='ltr'><strong>di</strong></span> <span class='ocrx_word' id='word_1_11' title='bbox 1915 768 2026 879; x_wconf 84' lang='lat' dir='ltr'><strong>his</strong></span> <span class='ocrx_word' id='word_1_12' title='bbox 2066 818 2233 897; x_wconf 78' lang='lat' dir='ltr'><strong>qnae</strong></span> <span class='ocrx_word' id='word_1_13' title='bbox 2278 812 2457 882; x_wconf 76' lang='lat' dir='ltr'><strong>dieta</strong></span> <span class='ocrx_word' id='word_1_14' title='bbox 2502 820 2691 881; x_wconf 81' lang='lat' dir='ltr'><strong>erant</strong></span> 
     </span>
     <span class='ocr_line' id='line_1_3' title="bbox 440 958 2784 1051; baseline 0.002 -23"><span class='ocrx_word' id='word_1_15' title='bbox 440 964 519 1029; x_wconf 90' lang='lat'><strong>14</strong></span> <span class='ocrx_word' id='word_1_16' title='bbox 607 963 888 1029; x_wconf 82' lang='lat' dir='ltr'><strong>centium</strong></span> <span class='ocrx_word' id='word_1_17' title='bbox 937 963 1152 1049; x_wconf 84' lang='lat' dir='ltr'><strong>gloria</strong></span> <span class='ocrx_word' id='word_1_18' title='bbox 1193 964 1262 1030; x_wconf 93' lang='lat' dir='ltr'><strong>in</strong></span> <span class='ocrx_word' id='word_1_19' title='bbox 1310 985 1393 1031; x_wconf 83' lang='lat' dir='ltr'><strong>ex</strong></span> <span class='ocrx_word' id='word_1_20' title='bbox 1918 987 1961 1032; x_wconf 81' lang='lat' dir='ltr'>a</span> <span class='ocrx_word' id='word_1_21' title='bbox 2002 966 2315 1051; x_wconf 84' lang='lat' dir='ltr'><strong>pastorib&#39;</strong></span> <span class='ocrx_word' id='word_1_22' title='bbox 2360 966 2447 1032; x_wconf 81' lang='lat' dir='ltr'><strong>ad</strong></span> <span class='ocrx_word' id='word_1_23' title='bbox 2492 967 2693 1051; x_wconf 88' lang='lat' dir='ltr'><strong>ipsos.</strong></span> <span class='ocrx_word' id='word_1_24' title='bbox 2779 958 2784 963; x_wconf 62' lang='grc'><strong>’</strong></span> 
     </span>
     <span class='ocr_line' id='line_1_4' title="bbox 607 1115 2667 1187; baseline 0.001 -4"><span class='ocrx_word' id='word_1_25' title='bbox 607 1115 800 1183; x_wconf 78' lang='lat' dir='ltr'><strong>celsis</strong></span> <span class='ocrx_word' id='word_1_26' title='bbox 843 1116 929 1181; x_wconf 81' lang='lat' dir='ltr'><strong>do</strong></span> <span class='ocrx_word' id='word_1_27' title='bbox 979 1122 1046 1184; x_wconf 89' lang='lat' dir='ltr'><strong>et</strong></span> <span class='ocrx_word' id='word_1_28' title='bbox 1090 1117 1157 1182; x_wconf 92' lang='lat' dir='ltr'><strong>in</strong></span> <span class='ocrx_word' id='word_1_29' title='bbox 1199 1123 1376 1184; x_wconf 83' lang='lat' dir='ltr'><strong>terra</strong></span> <span class='ocrx_word' id='word_1_30' title='bbox 1751 1122 1828 1187; x_wconf 89' lang='grc'><strong>19</strong></span> <span class='ocrx_word' id='word_1_31' title='bbox 1917 1118 2128 1185; x_wconf 82' lang='lat' dir='ltr'><strong>maria</strong></span> <span class='ocrx_word' id='word_1_32' title='bbox 2172 1124 2387 1185; x_wconf 82' lang='lat' dir='ltr'><strong>antem</strong></span> <span class='ocrx_word' id='word_1_33' title='bbox 2434 1139 2667 1186; x_wconf 84' lang='lat' dir='ltr'><strong>oonser</strong></span> 
     </span>
     <span class='ocr_line' id='line_1_5' title="bbox 609 1269 2625 1353; baseline 0.001 -18"><span class='ocrx_word' id='word_1_34' title='bbox 609 1287 742 1353; x_wconf 74' lang='lat' dir='ltr'><strong>pax</strong></span> <span class='ocrx_word' id='word_1_35' title='bbox 786 1269 1097 1341; x_wconf 83' lang='lat' dir='ltr'><strong>hominib&#39;</strong></span> <span class='ocrx_word' id='word_1_36' title='bbox 1141 1269 1329 1337; x_wconf 82' lang='lat' dir='ltr'><strong>bonae</strong></span> <span class='ocrx_word' id='word_1_37' title='bbox 1373 1290 1458 1335; x_wconf 90' lang='lat' dir='ltr'><strong>no</strong></span> <span class='ocrx_word' id='word_1_38' title='bbox 1917 1271 2118 1339; x_wconf 80' lang='lat' dir='ltr'><strong>nabat</strong></span> <span class='ocrx_word' id='word_1_39' title='bbox 2162 1271 2384 1337; x_wconf 83' lang='lat' dir='ltr'><strong>omnia</strong></span> <span class='ocrx_word' id='word_1_40' title='bbox 2420 1271 2625 1339; x_wconf 83' lang='lat' dir='ltr'><strong>uerba</strong></span> 
     </span>
     <span class='ocr_line' id='line_1_6' title="bbox 383 1394 2578 1490; baseline 0.001 -4"><span class='ocrx_word' id='word_1_41' title='bbox 383 1469 391 1475; x_wconf 90' lang='lat'><em>-</em></span> <span class='ocrx_word' id='word_1_42' title='bbox 438 1422 517 1488; x_wconf 79' lang='lat'><strong>15</strong></span> <span class='ocrx_word' id='word_1_43' title='bbox 562 1394 877 1488; x_wconf 50' lang='lat' dir='ltr'><strong>‘luntatis</strong></span> <span class='ocrx_word' id='word_1_44' title='bbox 924 1428 989 1489; x_wconf 90' lang='lat' dir='ltr'><strong>et</strong></span> <span class='ocrx_word' id='word_1_45' title='bbox 1034 1421 1275 1488; x_wconf 82' lang='lat' dir='ltr'><strong>factum</strong></span> <span class='ocrx_word' id='word_1_46' title='bbox 1321 1428 1422 1488; x_wconf 91' lang='lat' dir='ltr'><strong>est</strong></span> <span class='ocrx_word' id='word_1_47' title='bbox 1512 1404 1519 1411; x_wconf 53' lang='grc'><strong><em>’</em></strong></span> <span class='ocrx_word' id='word_1_48' title='bbox 1917 1425 2083 1490; x_wconf 82' lang='lat' dir='ltr'><strong>haee</strong></span> <span class='ocrx_word' id='word_1_49' title='bbox 2125 1423 2465 1489; x_wconf 83' lang='lat' dir='ltr'><strong>conferens</strong></span> <span class='ocrx_word' id='word_1_50' title='bbox 2512 1424 2578 1488; x_wconf 91' lang='lat' dir='ltr'><strong>in</strong></span> 
     </span>
     <span class='ocr_line' id='line_1_7' title="bbox 605 1573 2617 1643; baseline 0 -3"><span class='ocrx_word' id='word_1_51' title='bbox 605 1580 677 1640; x_wconf 86' lang='lat' dir='ltr'><strong>nt</strong></span> <span class='ocrx_word' id='word_1_52' title='bbox 719 1573 1025 1642; x_wconf 76' lang='lat' dir='ltr'><strong>discessit</strong></span> <span class='ocrx_word' id='word_1_53' title='bbox 1068 1575 1152 1640; x_wconf 86' lang='lat' dir='ltr'><strong>ab</strong></span> <span class='ocrx_word' id='word_1_54' title='bbox 1197 1573 1294 1640; x_wconf 85' lang='lat' dir='ltr'><strong>eis</strong></span> <span class='ocrx_word' id='word_1_55' title='bbox 1339 1595 1456 1640; x_wconf 83' lang='lat' dir='ltr'><strong>an·</strong></span> <span class='ocrx_word' id='word_1_56' title='bbox 1744 1579 1832 1643; x_wconf 81' lang='lat'><strong>20</strong></span> <span class='ocrx_word' id='word_1_57' title='bbox 1916 1575 2112 1643; x_wconf 82' lang='lat' dir='ltr'><strong>eorde</strong></span> <span class='ocrx_word' id='word_1_58' title='bbox 2156 1593 2274 1641; x_wconf 86' lang='lat' dir='ltr'><strong>suo</strong></span> <span class='ocrx_word' id='word_1_59' title='bbox 2319 1581 2385 1641; x_wconf 88' lang='lat' dir='ltr'><strong>et</strong></span> <span class='ocrx_word' id='word_1_60' title='bbox 2428 1595 2617 1641; x_wconf 88' lang='lat' dir='ltr'><strong>rener</strong></span> 
     </span>
     <span class='ocr_line' id='line_1_8' title="bbox 605 1726 2728 1829; baseline 0 -35"><span class='ocrx_word' id='word_1_61' title='bbox 605 1726 792 1813; x_wconf 85' lang='lat' dir='ltr'><strong>gelus</strong></span> <span class='ocrx_word' id='word_1_62' title='bbox 839 1733 1138 1811; x_wconf 80' lang='lat' dir='ltr'><strong>pastores</strong></span> <span class='ocrx_word' id='word_1_63' title='bbox 1178 1746 1335 1793; x_wconf 84' lang='lat' dir='ltr'><strong>uero</strong></span> <span class='ocrx_word' id='word_1_64' title='bbox 1914 1728 1974 1794; x_wconf 91' lang='lat' dir='ltr'><strong>si</strong></span> <span class='ocrx_word' id='word_1_65' title='bbox 2017 1733 2168 1794; x_wconf 85' lang='lat' dir='ltr'><strong>sunt</strong></span> <span class='ocrx_word' id='word_1_66' title='bbox 2211 1733 2511 1812; x_wconf 82' lang='lat' dir='ltr'><strong>pastores</strong></span> <span class='ocrx_word' id='word_1_67' title='bbox 2557 1748 2728 1829; x_wconf 23' lang='lat' dir='ltr'><strong>mag·</strong></span> 
     </span>
     <span class='ocr_line' id='line_1_9' title="bbox 606 1879 2684 1964; baseline -0.001 -17"><span class='ocrx_word' id='word_1_68' title='bbox 606 1880 1037 1964; x_wconf 79' lang='lat' dir='ltr'>loquebantur</span> <span class='ocrx_word' id='word_1_69' title='bbox 1080 1880 1167 1946; x_wconf 83' lang='lat' dir='ltr'><strong>ad</strong></span> <span class='ocrx_word' id='word_1_70' title='bbox 1211 1879 1350 1946; x_wconf 90' lang='lat' dir='ltr'><strong>inni</strong></span> <span class='ocrx_word' id='word_1_71' title='bbox 1914 1881 2259 1947; x_wconf 82' lang='lat' dir='ltr'><strong>nifieantes</strong></span> <span class='ocrx_word' id='word_1_72' title='bbox 2303 1880 2413 1945; x_wconf 78' lang='lat' dir='ltr'><strong>dm</strong></span> <span class='ocrx_word' id='word_1_73' title='bbox 2458 1880 2529 1944; x_wconf 92' lang='lat' dir='ltr'><strong>in</strong></span> <span class='ocrx_word' id='word_1_74' title='bbox 2578 1901 2684 1945; x_wconf 90' lang='lat' dir='ltr'><strong>om</strong></span> 
     </span>
     <span class='ocr_line' id='line_1_10' title="bbox 605 2031 2733 2115; baseline -0.001 -16"><span class='ocrx_word' id='word_1_75' title='bbox 605 2052 748 2099; x_wconf 87' lang='lat' dir='ltr'><strong>eem</strong></span> <span class='ocrx_word' id='word_1_76' title='bbox 790 2039 1202 2099; x_wconf 82' lang='lat' dir='ltr'><strong>transeamus</strong></span> <span class='ocrx_word' id='word_1_77' title='bbox 1244 2033 1314 2097; x_wconf 93' lang='lat' dir='ltr'><strong>in</strong></span> <span class='ocrx_word' id='word_1_78' title='bbox 1915 2033 2046 2098; x_wconf 91' lang='lat' dir='ltr'><strong>nib&#39;</strong></span> <span class='ocrx_word' id='word_1_79' title='bbox 2091 2052 2235 2115; x_wconf 76' lang='lat' dir='ltr'><strong>quae</strong></span> <span class='ocrx_word' id='word_1_80' title='bbox 2280 2031 2627 2098; x_wconf 81' lang='lat' dir='ltr'><strong>audierant</strong></span> <span class='ocrx_word' id='word_1_81' title='bbox 2668 2037 2733 2097; x_wconf 89' lang='lat' dir='ltr'><strong>et</strong></span> 
     </span>
     <span class='ocr_line' id='line_1_11' title="bbox 605 2180 2591 2252; baseline -0.002 -1"><span class='ocrx_word' id='word_1_82' title='bbox 605 2185 930 2252; x_wconf 76' lang='lat' dir='ltr'><strong>bethleem</strong></span> <span class='ocrx_word' id='word_1_83' title='bbox 976 2190 1041 2251; x_wconf 89' lang='lat' dir='ltr'><strong>et</strong></span> <span class='ocrx_word' id='word_1_84' title='bbox 1083 2184 1283 2251; x_wconf 84' lang='lat' dir='ltr'><strong>uidea</strong></span> <span class='ocrx_word' id='word_1_85' title='bbox 1917 2183 2228 2251; x_wconf 82' lang='lat' dir='ltr'><strong>uiderant</strong></span> <span class='ocrx_word' id='word_1_86' title='bbox 2271 2183 2439 2250; x_wconf 81' lang='lat' dir='ltr'><strong>siout</strong></span> <span class='ocrx_word' id='word_1_87' title='bbox 2483 2180 2591 2248; x_wconf 82' lang='lat' dir='ltr'><strong>dic</strong></span> 
     </span>
     <span class='ocr_line' id='line_1_12' title="bbox 517 2333 2710 2420; baseline -0.004 -14"><span class='ocrx_word' id='word_1_88' title='bbox 517 2390 526 2398; x_wconf 89' lang='lat'>.</span> <span class='ocrx_word' id='word_1_89' title='bbox 609 2359 748 2406; x_wconf 86' lang='lat' dir='ltr'><strong>mus</strong></span> <span class='ocrx_word' id='word_1_90' title='bbox 793 2338 919 2406; x_wconf 86' lang='lat' dir='ltr'><strong>hoe</strong></span> <span class='ocrx_word' id='word_1_91' title='bbox 962 2338 1229 2405; x_wconf 83' lang='lat' dir='ltr'><strong>uerbum</strong></span> <span class='ocrx_word' id='word_1_92' title='bbox 1275 2337 1359 2420; x_wconf 73' lang='lat' dir='ltr'><strong>qb</strong></span> <span class='ocrx_word' id='word_1_93' title='bbox 1746 2340 1825 2403; x_wconf 83' lang='lat'><strong>21</strong></span> <span class='ocrx_word' id='word_1_94' title='bbox 1918 2344 2053 2403; x_wconf 87' lang='lat' dir='ltr'><strong>tum</strong></span> <span class='ocrx_word' id='word_1_95' title='bbox 2100 2343 2201 2404; x_wconf 89' lang='lat' dir='ltr'><strong>est</strong></span> <span class='ocrx_word' id='word_1_96' title='bbox 2247 2333 2334 2402; x_wconf 82' lang='lat' dir='ltr'><strong>ad</strong></span> <span class='ocrx_word' id='word_1_97' title='bbox 2374 2335 2526 2400; x_wconf 89' lang='lat' dir='ltr'><strong>illos</strong></span> <span class='ocrx_word' id='word_1_98' title='bbox 2573 2340 2639 2399; x_wconf 89' lang='lat' dir='ltr'><strong>et</strong></span> <span class='ocrx_word' id='word_1_99' title='bbox 2709 2352 2710 2355; x_wconf 69' lang='grc'>’</span> 
     </span>
     <span class='ocr_line' id='line_1_13' title="bbox 607 2474 2685 2577; baseline -0.006 -15"><span class='ocrx_word' id='word_1_100' title='bbox 607 2474 850 2561; x_wconf 60' lang='lat' dir='ltr'><strong>fastum</strong></span> <span class='ocrx_word' id='word_1_101' title='bbox 896 2517 954 2551; x_wconf 75' lang='grc' dir='ltr'><strong>-ι-</strong></span> <span class='ocrx_word' id='word_1_102' title='bbox 1001 2489 1174 2574; x_wconf 87' lang='lat' dir='ltr'><strong>quod</strong></span> <span class='ocrx_word' id='word_1_103' title='bbox 1212 2487 1337 2554; x_wconf 80' lang='lat' dir='ltr'><strong>dns</strong></span> <span class='ocrx_word' id='word_1_104' title='bbox 1717 2525 1866 2577; x_wconf 41' lang='grc' dir='ltr'><strong>μιν,</strong></span> <span class='ocrx_word' id='word_1_105' title='bbox 1927 2490 2102 2575; x_wconf 77' lang='lat' dir='ltr'><strong>post†</strong></span> <span class='ocrx_word' id='word_1_106' title='bbox 2147 2485 2579 2571; x_wconf 81' lang='lat' dir='ltr'><strong>consummati</strong></span> <span class='ocrx_word' id='word_1_107' title='bbox 2623 2491 2685 2550; x_wconf 78' lang='lat' dir='ltr'><strong>st</strong></span> 
     </span>
     <span class='ocr_line' id='line_1_14' title="bbox 440 2633 2590 2715; baseline -0.006 1"><span class='ocrx_word' id='word_1_108' title='bbox 440 2639 521 2703; x_wconf 81' lang='grc'><strong>16</strong></span> <span class='ocrx_word' id='word_1_109' title='bbox 607 2633 897 2715; x_wconf 82' lang='lat' dir='ltr'><strong>ostendit</strong></span> <span class='ocrx_word' id='word_1_110' title='bbox 938 2643 1129 2710; x_wconf 87' lang='lat' dir='ltr'><strong>nobis</strong></span> <span class='ocrx_word' id='word_1_111' title='bbox 1173 2647 1240 2709; x_wconf 85' lang='lat' dir='ltr'><strong>et</strong></span> <span class='ocrx_word' id='word_1_112' title='bbox 1282 2662 1364 2708; x_wconf 89' lang='lat' dir='ltr'><strong>ue</strong></span> <span class='ocrx_word' id='word_1_113' title='bbox 1923 2643 2068 2710; x_wconf 88' lang='lat' dir='ltr'><strong>dies</strong></span> <span class='ocrx_word' id='word_1_114' title='bbox 2114 2647 2259 2708; x_wconf 81' lang='lat' dir='ltr'><strong>oeto</strong></span> <span class='ocrx_word' id='word_1_115' title='bbox 2304 2646 2376 2706; x_wconf 86' lang='lat' dir='ltr'><strong>ut</strong></span> <span class='ocrx_word' id='word_1_116' title='bbox 2419 2638 2590 2705; x_wconf 50' lang='lat' dir='ltr'><strong>cire&amp;</strong></span> 
     </span>
     <span class='ocr_line' id='line_1_15' title="bbox 605 2780 2524 2869; baseline -0.006 -2"><span class='ocrx_word' id='word_1_117' title='bbox 605 2804 843 2869; x_wconf 86' lang='lat' dir='ltr'><strong>nerunt</strong></span> <span class='ocrx_word' id='word_1_118' title='bbox 888 2780 1277 2864; x_wconf 79' lang='lat' dir='ltr'><strong>festinantes</strong></span> <span class='ocrx_word' id='word_1_119' title='bbox 1917 2794 2245 2862; x_wconf 86' lang='lat' dir='ltr'><strong>eideretm·</strong></span> <span class='ocrx_word' id='word_1_120' title='bbox 2286 2793 2524 2859; x_wconf 79' lang='lat' dir='ltr'><strong>noeatfi</strong></span> 
     </span>
     <span class='ocr_line' id='line_1_16' title="bbox 605 2944 2669 3021; baseline -0.006 -1"><span class='ocrx_word' id='word_1_121' title='bbox 605 2960 674 3021; x_wconf 89' lang='lat' dir='ltr'><strong>et</strong></span> <span class='ocrx_word' id='word_1_122' title='bbox 715 2952 1107 3019; x_wconf 87' lang='lat' dir='ltr'><strong>inuenerunt</strong></span> <span class='ocrx_word' id='word_1_123' title='bbox 1145 2948 1310 3015; x_wconf 82' lang='lat' dir='ltr'><strong>mari</strong></span> <span class='ocrx_word' id='word_1_124' title='bbox 1918 2955 2019 3015; x_wconf 88' lang='lat' dir='ltr'><strong>est</strong></span> <span class='ocrx_word' id='word_1_125' title='bbox 2064 2965 2300 3014; x_wconf 91' lang='lat' dir='ltr'><strong>nomen</strong></span> <span class='ocrx_word' id='word_1_126' title='bbox 2347 2944 2486 3011; x_wconf 88' lang='lat' dir='ltr'><strong>eius</strong></span> <span class='ocrx_word' id='word_1_127' title='bbox 2534 2944 2669 3010; x_wconf 79' lang='lat' dir='ltr'><strong>ihm</strong></span> 
     </span>
     <span class='ocr_line' id='line_1_17' title="bbox 609 3097 2675 3188; baseline -0.005 -14"><span class='ocrx_word' id='word_1_128' title='bbox 609 3124 715 3174; x_wconf 78' lang='lat' dir='ltr'><strong>am</strong></span> <span class='ocrx_word' id='word_1_129' title='bbox 760 3110 827 3170; x_wconf 88' lang='lat' dir='ltr'><strong>et</strong></span> <span class='ocrx_word' id='word_1_130' title='bbox 871 3102 1103 3188; x_wconf 88' lang='lat' dir='ltr'><strong>ioseph</strong></span> <span class='ocrx_word' id='word_1_131' title='bbox 1148 3108 1214 3168; x_wconf 89' lang='lat' dir='ltr'><strong>et</strong></span> <span class='ocrx_word' id='word_1_132' title='bbox 1259 3100 1326 3165; x_wconf 86' lang='lat' dir='ltr'><strong>in</strong></span> <span class='ocrx_word' id='word_1_133' title='bbox 1917 3101 2089 3185; x_wconf 86' lang='lat' dir='ltr'><strong>qnod</strong></span> <span class='ocrx_word' id='word_1_134' title='bbox 2132 3105 2438 3166; x_wconf 82' lang='lat' dir='ltr'><strong>noeatum</strong></span> <span class='ocrx_word' id='word_1_135' title='bbox 2484 3123 2542 3156; x_wconf 75' lang='grc' dir='ltr'><strong>-ι-</strong></span> <span class='ocrx_word' id='word_1_136' title='bbox 2591 3097 2675 3163; x_wconf 85' lang='lat' dir='ltr'><strong>ab</strong></span> 
     </span>
     <span class='ocr_line' id='line_1_18' title="bbox 609 3249 2628 3341; baseline -0.006 -15"><span class='ocrx_word' id='word_1_137' title='bbox 609 3260 857 3327; x_wconf 82' lang='lat' dir='ltr'><strong>fantem</strong></span> <span class='ocrx_word' id='word_1_138' title='bbox 901 3255 1184 3341; x_wconf 89' lang='lat' dir='ltr'><strong>positum</strong></span> <span class='ocrx_word' id='word_1_139' title='bbox 1225 3254 1293 3319; x_wconf 92' lang='lat' dir='ltr'><strong>in</strong></span> <span class='ocrx_word' id='word_1_140' title='bbox 1918 3252 2157 3337; x_wconf 82' lang='lat' dir='ltr'><strong>angelo</strong></span> <span class='ocrx_word' id='word_1_141' title='bbox 2203 3251 2514 3335; x_wconf 56' lang='lat' dir='ltr'><strong>priusque</strong></span> <span class='ocrx_word' id='word_1_142' title='bbox 2559 3249 2628 3314; x_wconf 92' lang='lat' dir='ltr'><strong>in</strong></span> 
     </span>
     <span class='ocr_line' id='line_1_19' title="bbox 443 3402 2604 3499; baseline -0.007 -19"><span class='ocrx_word' id='word_1_143' title='bbox 443 3406 518 3470; x_wconf 81' lang='lat'><strong>17</strong></span> <span class='ocrx_word' id='word_1_144' title='bbox 607 3410 930 3499; x_wconf 66' lang='lat' dir='ltr'><strong>praesepio</strong></span> <span class='ocrx_word' id='word_1_145' title='bbox 974 3415 1042 3476; x_wconf 89' lang='lat' dir='ltr'><strong>et</strong></span> <span class='ocrx_word' id='word_1_146' title='bbox 1085 3426 1296 3491; x_wconf 81' lang='lat' dir='ltr'><strong>eogno</strong></span> <span class='ocrx_word' id='word_1_147' title='bbox 1435 3470 1443 3477; x_wconf 88' lang='grc'><strong>,</strong></span> <span class='ocrx_word' id='word_1_148' title='bbox 1916 3411 2101 3471; x_wconf 89' lang='lat' dir='ltr'><strong>utero</strong></span> <span class='ocrx_word' id='word_1_149' title='bbox 2146 3402 2604 3486; x_wconf 77' lang='lat' dir='ltr'><strong>conciperetur</strong></span> 
     </span>
     <span class='ocr_line' id='line_1_20' title="bbox 608 3530 2503 3687; baseline -0.008 -56"><span class='ocrx_word' id='word_1_150' title='bbox 608 3569 843 3632; x_wconf 88' lang='lat' dir='ltr'><strong>nerunt</strong></span> <span class='ocrx_word' id='word_1_151' title='bbox 885 3560 968 3628; x_wconf 85' lang='lat' dir='ltr'><strong>de</strong></span> <span class='ocrx_word' id='word_1_152' title='bbox 1010 3560 1210 3626; x_wconf 84' lang='lat' dir='ltr'><strong>uerbo</strong></span> <span class='ocrx_word' id='word_1_153' title='bbox 1637 3530 1649 3540; x_wconf 18' lang='lat' dir='ltr'><em>a</em></span> <span class='ocrx_word' id='word_1_154' title='bbox 1712 3556 1830 3687; x_wconf 52' lang='grc' dir='ltr'><strong>ἐξ</strong></span> <span class='ocrx_word' id='word_1_155' title='bbox 1920 3557 2003 3621; x_wconf 86' lang='lat' dir='ltr'><strong>Et</strong></span> <span class='ocrx_word' id='word_1_156' title='bbox 2042 3560 2388 3640; x_wconf 84' lang='lat' dir='ltr'><strong>postquam</strong></span> <span class='ocrx_word' id='word_1_157' title='bbox 2435 3552 2503 3616; x_wconf 91' lang='lat' dir='ltr'><strong>in</strong></span> 
     </span>
     <span class='ocr_line' id='line_1_21' title="bbox 613 3704 2629 3802; baseline -0.008 -18"><span class='ocrx_word' id='word_1_158' title='bbox 613 3717 784 3802; x_wconf 84' lang='lat' dir='ltr'><strong>quod</strong></span> <span class='ocrx_word' id='word_1_159' title='bbox 831 3715 1073 3801; x_wconf 83' lang='lat' dir='ltr'><strong>dictum</strong></span> <span class='ocrx_word' id='word_1_160' title='bbox 1119 3716 1265 3779; x_wconf 81' lang='lat' dir='ltr'><strong>erat</strong></span> <span class='ocrx_word' id='word_1_161' title='bbox 1919 3707 2083 3794; x_wconf 87' lang='lat' dir='ltr'><strong>pleti</strong></span> <span class='ocrx_word' id='word_1_162' title='bbox 2129 3712 2189 3772; x_wconf 79' lang='lat' dir='ltr'><strong>st</strong></span> <span class='ocrx_word' id='word_1_163' title='bbox 2233 3704 2376 3771; x_wconf 88' lang='lat' dir='ltr'><strong>dies</strong></span> <span class='ocrx_word' id='word_1_164' title='bbox 2417 3722 2629 3788; x_wconf 81' lang='lat' dir='ltr'>purga</span> 
     </span>
     <span class='ocr_line' id='line_1_22' title="bbox 612 3848 2636 3959; baseline -0.008 -23"><span class='ocrx_word' id='word_1_165' title='bbox 612 3848 746 3936; x_wconf 75' lang='lat' dir='ltr'><strong>iilis</strong></span> <span class='ocrx_word' id='word_1_166' title='bbox 791 3868 873 3959; x_wconf 82' lang='lat' dir='ltr'><strong>de</strong></span> <span class='ocrx_word' id='word_1_167' title='bbox 918 3886 1120 3951; x_wconf 86' lang='lat' dir='ltr'><strong>puero</strong></span> <span class='ocrx_word' id='word_1_168' title='bbox 1164 3864 1289 3930; x_wconf 83' lang='lat' dir='ltr'><strong>hoe</strong></span> <span class='ocrx_word' id='word_1_169' title='bbox 1921 3859 2121 3926; x_wconf 87' lang='lat' dir='ltr'><strong>tionis</strong></span> <span class='ocrx_word' id='word_1_170' title='bbox 2165 3857 2304 3925; x_wconf 88' lang='lat' dir='ltr'><strong>eins</strong></span> <span class='ocrx_word' id='word_1_171' title='bbox 2350 3853 2636 3922; x_wconf 48' lang='lat' dir='ltr'><strong>secund&amp;</strong></span> 
     </span>
     <span class='ocr_line' id='line_1_23' title="bbox 451 3964 2566 4102; baseline -0.008 -10"><span class='ocrx_word' id='word_1_172' title='bbox 451 4028 525 4093; x_wconf 78' lang='lat'><strong>18</strong></span> <span class='ocrx_word' id='word_1_173' title='bbox 611 4030 679 4090; x_wconf 91' lang='lat' dir='ltr'><strong>et</strong></span> <span class='ocrx_word' id='word_1_174' title='bbox 722 4000 1101 4102; x_wconf 73' lang='lat' dir='ltr'><strong>omnesqui</strong></span> <span class='ocrx_word' id='word_1_175' title='bbox 1148 3964 1343 4084; x_wconf 75' lang='lat' dir='ltr'><strong>audie</strong></span> <span class='ocrx_word' id='word_1_176' title='bbox 1378 4040 1413 4055; x_wconf 68' lang='lat'><strong><em>‘</em></strong></span> <span class='ocrx_word' id='word_1_177' title='bbox 1646 4052 1651 4057; x_wconf 92' lang='lat'><em>·</em></span> <span class='ocrx_word' id='word_1_178' title='bbox 1921 4015 2135 4097; x_wconf 85' lang='lat' dir='ltr'><strong>legem</strong></span> <span class='ocrx_word' id='word_1_179' title='bbox 2178 4009 2387 4096; x_wconf 85' lang='lat' dir='ltr'><strong>moysi</strong></span> <span class='ocrx_word' id='word_1_180' title='bbox 2432 4008 2566 4075; x_wconf 86' lang='lat' dir='ltr'><strong>tnle</strong></span> 
     </span>
     <span class='ocr_line' id='line_1_24' title="bbox 615 4162 2660 4242; baseline -0.007 0"><span class='ocrx_word' id='word_1_181' title='bbox 615 4177 775 4242; x_wconf 82' lang='lat' dir='ltr'><strong>bant</strong></span> <span class='ocrx_word' id='word_1_182' title='bbox 818 4171 1035 4239; x_wconf 83' lang='lat' dir='ltr'><strong>mirati</strong></span> <span class='ocrx_word' id='word_1_183' title='bbox 1080 4176 1231 4236; x_wconf 84' lang='lat' dir='ltr'><strong>sunt</strong></span> <span class='ocrx_word' id='word_1_184' title='bbox 1275 4168 1358 4234; x_wconf 88' lang='lat' dir='ltr'><strong>de</strong></span> <span class='ocrx_word' id='word_1_185' title='bbox 1920 4172 2070 4232; x_wconf 87' lang='lat' dir='ltr'><strong>runt</strong></span> <span class='ocrx_word' id='word_1_186' title='bbox 2113 4165 2232 4230; x_wconf 79' lang='lat' dir='ltr'><strong>illfi</strong></span> <span class='ocrx_word' id='word_1_187' title='bbox 2280 4163 2346 4229; x_wconf 93' lang='lat' dir='ltr'><strong>in</strong></span> <span class='ocrx_word' id='word_1_188' title='bbox 2393 4162 2660 4229; x_wconf 85' lang='lat' dir='ltr'><strong>hiernsa</strong></span> 
     </span>
    </p>
   </div>
   <div class='ocr_carea' id='block_1_3' title="bbox 2572 4314 2635 4382">
    <p class='ocr_par' dir='ltr' id='par_1_3' title="bbox 2572 4314 2635 4382">
     <span class='ocr_line' id='line_1_25' title="bbox 2572 4314 2635 4382; baseline 0.063 -4"><span class='ocrx_word' id='word_1_189' title='bbox 2572 4314 2635 4382; x_wconf 62' lang='lat' dir='ltr'><strong>l&amp;</strong></span> 
     </span>
    </p>
   </div>
  </div>
 </body>
</html>
