3634 5717
374 660 488 724 Fol
546 664 622 725 16

370 1630 447 1692 21

374 2238 457 2300 22

377 3556 462 3664 ἐ3

380 4368 465 4433 24

539 863 1021 932 habundauerit
1065 864 1221 931 iusti

542 1016 636 1081 tia
683 1024 903 1084 uestra
948 1019 1095 1104 plus
1137 1030 1265 1103 qva

539 1168 831 1236 scribat&
878 1179 946 1236 et
991 1172 1181 1255 phari

540 1324 777 1387 saeoru
825 1342 953 1386 non
1002 1312 1244 1389 intrdbi

541 1475 623 1541 tis
670 1475 736 1540 in
785 1484 994 1558 regnu
1036 1475 1198 1540 eaelo

542 1628 617 1692 τῇ
666 1627 943 1694 audistis
991 1628 1145 1712 quia
1188 1608 1365 1694 dieti

544 1788 644 1848 est
689 1779 977 1862 antiquis
1023 1800 1152 1846 nou
1200 1802 1277 1847 oe
1322 1758 1331 1765 ”

544 1933 726 1999 eides
781 1932 890 2016 qui
938 1939 1157 1999 autem
1200 1932 1339 1998 oeci

530 2078 715 2152 ‘derit
760 2105 906 2151 reus
951 2084 1077 2151 erit
1121 2083 1258 2150 iudi

546 2236 647 2301 cio
695 2258 822 2321 ego
869 2244 1018 2303 avte
1065 2236 1213 2301 dieo
1259 2258 1341 2303 uo

549 2386 649 2451 bis
695 2388 852 2470 quia
895 2387 1107 2453 omnis
1154 2388 1263 2471 qui

552 2537 854 2606 irascitur
899 2541 1084 2605 fratri
1129 2560 1247 2606 suo

554 2708 699 2755 reus
745 2691 871 2757 erit
912 2691 1156 2757 iudicio
1202 2691 1315 2774 qvi

551 2848 701 2906 aute
748 2841 992 2909 dixerit
1038 2843 1219 2909 fratri

547 3013 663 3059 suo
707 2994 910 3061 racha
953 3013 1099 3059 reus
1146 2995 1269 3060 erit

547 3145 826 3211 coneilio
873 3147 982 3230 qui
1029 3153 1176 3212 aute

549 3296 791 3363 dixerit
835 3300 1015 3364 fatue
1063 3279 1208 3364 reus

548 3448 674 3514 erit
715 3449 1061 3534 gehennae
1104 3449 1280 3534 ignis

549 3601 605 3666 si
653 3623 813 3685 ergo
858 3603 1091 3670 offeres
1139 3622 1246 3667 mv

553 3774 672 3820 nus
717 3760 825 3820 tui
875 3753 961 3820 ad
1008 3755 1216 3825 altare
1257 3730 1353 3821 et·

552 3905 641 3971 ini
688 3907 1069 3973 reeordatus
1115 3908 1223 3974 fue

551 4059 639 4124 ris
686 4059 840 4143 quia
885 4060 1092 4125 frater
1135 4066 1302 4154 tuus

552 4211 749 4278 habet
794 4211 1043 4295 aliquid
1090 4210 1296 4279 aduer-

550 4364 624 4430 Βῆ
674 4373 739 4430 te
784 4364 1013 4448 relinq'
1058 4366 1149 4431 ibi
1196 4386 1302 4431 mu

552 4537 673 4583 nus
718 4523 831 4582 tufi
878 4518 1212 4584 ante-alta

553 4690 621 4736 re
669 4676 736 4735 et
779 4668 946 4734 uade
994 4671 1171 4754 prius

1458 662 1635 729 Msth
1683 661 1733 728 C
1779 664 1820 728 5
2827 654 2907 719 27

1901 864 2327 931 reconciliare
2375 865 2475 928 fra

1900 1018 1981 1083 tri
2031 1026 2141 1083 tuo
2186 1023 2252 1083 et
2296 1022 2449 1080 tvnc
2493 1014 2643 1081 ueni

1899 1189 2016 1236 ens
2062 1170 2298 1235 offeres
2341 1186 2574 1235 munus
2624 1257 2630 1262 .

1726 1325 1836 1452 3537
1901 1323 2014 1388 tufi
2063 1323 2220 1388 Esto
2267 1321 2563 1388 consenti

1691 1422 1841 1554 :1562
1903 1495 2019 1540 ens
2065 1473 2448 1541 aduersario
2485 1481 2596 1538 tuo

1899 1629 2028 1694 cito
2073 1627 2162 1693 du
2209 1647 2281 1694 es
2327 1626 2393 1691 in
2441 1625 2553 1691 uia
2595 1636 2678 1692 eu
2722 1647 2799 1691 eo

1816 1806 1826 1819 =
1902 1803 1983 1848 ne
2029 1782 2196 1846 forte
2242 1780 2465 1845 tradat
2510 1779 2594 1845 ad

1901 1934 2232 2001 uersat-ius
2280 1931 2479 1998 iudici
2524 1938 2591 1999 et

1903 2087 2101 2152 iudex
2142 2085 2363 2152 tradat
2408 2092 2473 2150 te
2521 2082 2715 2149 minis

1905 2246 2004 2302 tro
2051 2244 2117 2302 et
2161 2237 2226 2302 in
2275 2241 2534 2301 carcere
2581 2236 2771 2299 mitta

1739 2393 1824 2455 26
1912 2389 2001 2454 ris
2047 2406 2239 2453 amen
2286 2386 2435 2450 dieo
2482 2384 2600 2449 tibi
2649 2405 2775 2448 non

1908 2539 2090 2607 exies
2136 2537 2291 2603 inde
2336 2537 2546 2603 donee
2589 2535 2704 2603 red

1908 2690 2029 2758 das
2074 2690 2437 2757 nouissima
2486 2709 2570 2772 qu

1906 2843 2182 2952 mirante

1699 2999 1840 3128 333⁰
1902 2995 2198 3063 Audistis
2239 2996 2392 3079 quia
2437 2993 2544 3059 die

1698 3135 1841 3267 ¹¹¹3?
1906 3150 1974 3214 tfi
2023 3156 2123 3215 est
2170 3147 2460 3230 antiquis
2507 3165 2635 3213 non

1748 3251 1796 3277 σο

1732 3307 1814 3370 28
1904 3299 2352 3368 moechaberis
2400 3319 2524 3381 ego
2565 3316 2644 3363 au

1906 3462 1969 3519 te
2015 3453 2165 3519 dieo
2215 3451 2401 3517 uobis
2447 3452 2602 3534 quia
2643 3470 2747 3515 om

1908 3607 2012 3672 nis
2058 3605 2168 3688 qui
2217 3602 2458 3669 uiderit
2500 3622 2606 3667 mu

1786 3742 1793 3749 ¹
1910 3759 2072 3825 liere
2117 3754 2200 3821 ad
2249 3753 2681 3838 eoneupiseen

1910 3910 1996 3976 di
2039 3929 2187 3976 eam
2233 3908 2299 3973 ii
2342 3905 2722 3972 moechatus

1910 4069 2010 4128 est
2056 4066 2135 4127 ei.
2179 4060 2245 4125 in
2293 4059 2488 4125 corde
2534 4014 2660 4126 suo>

1738 4218 1852 4281 29,
1916 4213 2086 4297 quod
2132 4213 2189 4278 si
2237 4212 2460 4277 oculus
2506 4220 2652 4278 tuus

1910 4364 2141 4431 dexter
2187 4364 2590 4431 seandalizet

1910 4526 1974 4583 te
2016 4538 2167 4585 erue
2216 4520 2298 4584 efi
2344 4528 2410 4585 et
2456 4539 2572 4602 pro

1912 4671 2011 4738 ioe
2055 4671 2172 4737 abs
2219 4677 2281 4736 te
2330 4668 2597 4756 expedit
