3634 5717
771 684 898 751 278
1832 685 1925 751 Le
1968 684 2019 750 C
2062 685 2149 750 20
2188 684 2267 750 21

806 885 891 952 45
978 882 1308 951 Audiente
1354 890 1507 950 aute
1554 885 1728 950 omni

980 1035 1225 1121 populo
1270 1033 1441 1101 dixit
1484 988 1828 1120 discipulis

773 1175 947 1291 ¹¹¹2&ae
981 1186 1117 1254 suis
1163 1179 1502 1253 adtendite
1546 1187 1631 1253 ab
1673 1187 1802 1253 seri

976 1338 1079 1404 bis
1126 1338 1235 1423 qui
1276 1339 1502 1405 uolunt
1545 1338 1809 1404 ambula

977 1512 1046 1559 re
1091 1491 1159 1557 in
1206 1488 1396 1556 stolis
1443 1494 1510 1554 et
1553 1496 1778 1556 amant
1817 1512 1897 1558 sa

973 1642 1329 1709 lutationes
1374 1641 1441 1707 in
1486 1640 1626 1707 foro
1672 1649 1738 1708 et

974 1792 1223 1879 primas
1270 1791 1618 1861 cathedras
1663 1792 1730 1857 in
1775 1812 1855 1878 sy

974 1944 1259 2029 nagogis
1306 1951 1371 2012 et
1414 1943 1661 2029 primos
1705 1942 1808 2009 dis

978 2096 1232 2163 eubitos
1278 2094 1343 2160 in
1387 2093 1708 2162 eonuiniis

771 2239 916 2367 '042727
979 2246 1105 2326 Qui
1151 2246 1470 2315 deuorant
1513 2245 1741 2312 domos

771 2380 944 2469 mr⁸mss
980 2398 1259 2467 uiduaru
1303 2397 1692 2465 simulantes
1737 2397 1848 2464 lon

977 2557 1065 2637 gii
1110 2552 1471 2627 orationem
1514 2548 1609 2616 hii
1655 2548 1791 2615 aeci

976 2702 1163 2788 pient
1205 2702 1630 2769 damnatione
1677 2721 1784 2767 ma

772 2850 924 2916 021
975 2856 1113 2922 iore
1161 2853 1544 2940 Respiciens
1589 2859 1738 2919 aute

899 3020 914 3032 2
977 3006 1145 3073 uidit
1173 3026 1302 3073 eos
1349 3004 1459 3088 qui
1505 3003 1854 3071 mittebant

977 3177 1251 3225 munera
1293 3176 1414 3224 sua
1457 3156 1525 3221 in
1571 3157 1876 3243 gazophy

847 3310 889 3372 2
975 3308 1215 3377 laeium
1261 3308 1502 3376 diuites
1546 3308 1715 3375 uidit
1760 3328 1844 3375 au

977 3468 1042 3528 te
1088 3468 1155 3530 et
1197 3460 1461 3546 quanda
1502 3459 1702 3527 uidua

980 3596 1450 3700 pauperculam'
1485 3613 1713 3680 mitten

846 3767 887 3831 3
975 3772 1039 3830 te
1088 3784 1244 3833 aera
1286 3765 1536 3831 minuta
1582 3764 1711 3830 duo
1758 3771 1824 3831 et

975 3914 1147 3983 dixit
1188 3934 1342 3980 uere
1388 3912 1537 3980 dieo
1581 3915 1769 3983 uobis

976 4066 1130 4151 quia
1173 4064 1375 4133 uidua
1419 4065 1584 4132 haee
1628 4088 1879 4152 pauper

978 4217 1257 4301 plusqua
1299 4237 1527 4285 omnes
1570 4217 1748 4283 misit

844 4360 888 4424 4
977 4389 1125 4435 nam
1172 4389 1397 4437 omnes
1444 4370 1538 4435 hii
1583 4390 1665 4436 ex
1710 4371 1927 4437 habun

876 4614 885 4621 ·
977 4519 1224 4588 dantiis
1269 4518 1395 4588 sibi

2304 886 2620 952 miserunt
2665 883 2730 947 in
2779 903 3051 950 munera

2304 1034 2372 1101 di
2417 993 2585 1104 haee
2627 1040 2780 1101 aute
2827 1053 2909 1099 ex
2955 1056 3034 1103 eo
3079 1034 3163 1118 qb

2301 1185 2488 1254 deest
2530 1184 2630 1252 ini
2675 1172 2930 1253 omnem
2976 1187 3083 1253 uie

2301 1344 2435 1403 tum
2481 1355 2664 1403 suum
2713 1347 2839 1421 que
2878 1337 3050 1404 habu

2300 1488 2353 1554 it
2395 1487 2575 1554 misit

2166 1648 2211 1716 5
2296 1640 2383 1706 Et
2426 1600 2687 1726 quib'di
2730 1638 2976 1706 dicenti

2091 1733 2237 1880 ἓξὲξ
2297 1791 2476 1878 tib’m
2523 1792 2606 1858 de
2649 1791 2896 1877 templo
2940 1790 3112 1876 quod

2092 1889 2165 1982 ’Ἓξ
2185 1887 2269 1983 {⁴³3²
2298 1941 2572 2028 lapidib’
2613 1942 2805 2009 bonis
2850 1949 2916 2010 et
2960 1942 3045 2009 do

2302 2094 2406 2161 nis
2451 2100 2748 2161 ornatum
2796 2100 2970 2161 esset

2175 2246 2217 2309 6
2303 2245 2473 2312 dixit
2516 2245 2682 2313 haee
2728 2265 2899 2330 quae
2943 2244 3187 2313 uidetis

2302 2396 2574 2465 uenient
2617 2396 2761 2463 dies
2806 2397 2874 2463 in
2921 2396 3092 2481 quib'

2303 2570 2433 2616 non
2480 2548 2883 2633 relinquetur
2926 2550 2993 2616 la

2300 2700 2404 2785 pis
2449 2720 2645 2785 super
2687 2699 2913 2785 lapide
2956 2700 3065 2785 qni

2173 2855 2209 2919 7
2298 2870 2428 2918 non
2475 2849 2846 2919 destruatur
2890 2853 2964 2917 In

2093 2939 2137 2983 le
2161 2938 2242 2984 249

2092 2993 2263 3087 mt²w
2299 3010 2799 3088 terrogaue'runt
2841 3010 2992 3071 aute

2094 3106 2164 3137 mr
2190 3093 2266 3138 134

2300 3154 2418 3222 illu
2464 3155 2759 3223 dieentes
2805 3175 3063 3243 praeeep

2299 3313 2400 3373 tor
2444 3308 2706 3391 quando
2751 3309 2916 3377 haee
2960 3315 3151 3376 erunt

2298 3466 2364 3524 et
2408 3460 2582 3543 quod
2626 3461 2822 3547 signu
2867 3480 3010 3527 eum
3056 3461 3100 3526 fl

2169 3608 2209 3668 8
2298 3609 2394 3676 eri
2440 3609 2760 3697 incipient
2803 3612 2914 3697 qui
2959 3611 3131 3680 dixit

2192 3729 2202 3739 ‘
2298 3761 2521 3831 uidete
2566 3784 2648 3830 ne
2692 3763 3027 3833 seducami

2299 3915 2366 3980 ni
2412 3915 2601 3981 multi
2655 3915 2830 3982 enim
2874 3917 3144 3985 uenient

2295 4066 2363 4132 in
2412 4066 2674 4134 nomine
2722 4089 2864 4135 meo
2909 4069 3101 4137 dieen

2295 4224 2395 4285 tes
2439 4218 2596 4304 quia
2640 4239 2765 4304 ego
2809 4239 2951 4287 sum
2997 4227 3123 4308 xps

2296 4377 2361 4436 et
2405 4377 2663 4456 tempus
2708 4371 3032 4471 adpropin

2466 4523 2696 4607 quauit

1135 4698 1142 4707 ·
1207 4673 1339 4759 [hic
1383 4673 1611 4741 folium
1652 4693 1850 4742 nuum
1893 4672 2082 4741 deest
2125 4674 2468 4742 continens
2512 4695 2596 4742 vv
2640 4676 2873 4762 9—30]
