3634 5717
377 661 492 725 Fol
540 661 626 726 96
2802 661 2921 725 189

380 864 485 946 [53
513 862 635 943 D]e
655 861 936 943 quodam
966 862 1239 928 diuitem
1255 863 1550 929 etlazaro
1567 870 1633 929 et
1669 862 1748 924 67
1778 861 1877 926 De
1907 867 2160 945 septem
2185 860 2539 943 fratresqui
2565 881 2760 926 unam
2789 862 2924 946 [u]x

1564 970 1632 1013 er
2810 967 2919 1011 ore

484 1052 609 1113 quo
639 1030 822 1095 uenit
846 1031 1228 1096 scandalum
1254 1031 1492 1097 bonum
1514 969 1628 1097 lilli
1774 1030 2140 1095 habuerunt
2172 1038 2237 1094 et
2274 1034 2397 1112 xps
2436 1028 2494 1094 si
2522 1029 2692 1095 filius
2721 1031 2920 1097 dauid

485 1123 627 1181 erat
671 1136 797 1180 non
846 1116 1029 1181 nasci
1774 1116 1897 1178 ruit
1941 1115 2303 1197 interrogat

379 1204 465 1268 54
488 1201 555 1263 Si
606 1201 976 1283 peccauerit
1022 1202 1223 1265 frater
1271 1207 1414 1265 tuus
1461 1202 1629 1266 corri
1667 1202 1748 1264 68
1776 1200 2158 1282 Respiciens
2193 1199 2363 1264 uidit
2396 1218 2562 1281 quae
2601 1200 2918 1266 mitteban

484 1306 567 1369 pe
600 1286 779 1349 illum
809 1293 874 1349 et
898 1285 1519 1368 dixeruntdiscipuli
1546 1287 1628 1351 ad
1776 1294 1877 1349 tur
1924 1286 1988 1348 in
2036 1284 2510 1367 gazophylacio

486 1390 654 1452 auge
703 1371 890 1435 nobis
926 1370 1119 1435 fidem
1159 1380 1223 1435 et
1259 1371 1340 1435 de
1373 1392 1628 1436 seruum
1668 1370 1748 1433 69
1775 1370 2007 1434 Ponite
2044 1370 2108 1433 in
2152 1369 2453 1433 cordibus
2481 1369 2714 1433 uestris
2740 1369 2916 1435 inme

487 1460 779 1519 arantem
828 1454 989 1519 dicit
1775 1454 1972 1518 ditari
2000 1453 2538 1535 inillahoraquid
2559 1454 2917 1536 loquamini

378 1546 460 1608 55
488 1540 727 1604 Decem
754 1538 879 1602 uiri
905 1540 1146 1622 leprosi
1172 1539 1462 1605 mundati
1482 1550 1631 1606 sunt
1670 1540 1751 1602 70
1774 1539 1872 1601 Ex
1919 1539 2022 1603 fici
2071 1539 2368 1604 arborem
2417 1538 2616 1603 dicite
2662 1539 2861 1603 simili

486 1645 567 1688 ex
615 1624 847 1705 quibus
894 1644 1057 1689 unus
1085 1625 1334 1707 gratias
1374 1627 1511 1709 egit
1546 1628 1627 1691 do
1774 1623 2064 1689 tudinem
2094 1624 2248 1706 quia
2271 1643 2476 1706 prope
2500 1631 2600 1688 est
2624 1625 2918 1688 inianuis

377 1713 460 1777 56
485 1708 595 1773 Sic
640 1709 822 1773 uenit
867 1719 1075 1792 regnu
1119 1710 1187 1772 di
1234 1711 1401 1775 sicut
1446 1711 1566 1776 fuit
1669 1708 2079 1773 71111tr0iuit
2133 1716 2402 1773 satanas
2452 1708 2518 1772 in
2567 1729 2677 1772 cor
2723 1709 2921 1775 iudae

485 1794 547 1857 in
599 1792 765 1858 dieb'
812 1814 935 1859 noe
972 1795 1302 1859 nubebant
1328 1804 1391 1860 et
1434 1797 1629 1861 aedifi
1774 1801 1843 1857 ut
1890 1793 2177 1863 traderet
2223 1792 2353 1856 ihm

485 1877 724 1943 cabant
774 1885 838 1942 et
879 1879 987 1943 ubi
1032 1880 1226 1943 fuerit
1268 1900 1502 1964 corpus
1552 1902 1628 1947 ize
1668 1879 1747 1941 72
1774 1877 1951 1941 Misit
1998 1878 2120 1942 dns
2162 1878 2519 1960 discipulos
2567 1884 2631 1941 et
2678 1898 2841 1960 para

488 1962 671 2027 niunt
717 1963 976 2044 aquilae
1770 1971 2005 2027 uerunt
2050 1962 2299 2045 pascha
2327 1970 2408 2025 ‘et
2453 1961 2621 2025 dixit
2664 1982 2855 2028 sacra

375 2052 455 2114 57
489 2046 583 2111 De
631 2047 910 2112 iudicem
956 2047 1322 2129 iniquitatis
1368 2067 1510 2111 cum
1547 2068 1625 2113 ue
1777 2047 2914 2130 mentumcorporisetsanguinissui

484 2131 654 2196 nerit
696 2132 869 2197 filius
915 2132 1198 2198 hominis
1241 2133 1533 2197 inueniet
1665 2133 1743 2196 73
1771 2130 1891 2207 Qui
1926 2132 2205 2196 uoluerit
2239 2133 2303 2195 in
2330 2131 2515 2196 uobis
2540 2151 2684 2196 esse
2711 2133 2918 2196 maior

484 2216 681 2282 fidem
726 2216 791 2281 in
841 2225 1079 2283 terram
1769 2218 1856 2281 sit
1900 2216 2206 2281 minimus
2251 2223 2317 2282 et
2357 2215 2654 2280 minister

377 2304 459 2367 58
487 2302 631 2366 Duo
678 2302 961 2367 hominis
995 2302 1430 2367 ascenderunt
1463 2301 1525 2365 in
1563 2310 1624 2365 te
1665 2303 1745 2365 74
1770 2300 1892 2377 Qui
1910 2302 2107 2367 habet
2132 2309 2196 2366 et
2212 2302 2521 2366 sacellum
2553 2300 2818 2367 tollatet
2835 2322 2915 2385 pe

487 2386 663 2470 plum
710 2409 894 2453 orare
942 2388 1329 2471 pharisaeus
1386 2395 1451 2451 et
1498 2388 1625 2469 pub
1771 2407 1907 2450 ram
1942 2394 2006 2452 et
2030 2386 2293 2469 quinon
2321 2386 2518 2450 habet
2542 2385 2785 2451 uendat
2804 2387 2917 2451 dat

484 2472 734 2537 licanus
793 2480 858 2537 et
915 2474 1369 2556 accipiendum
1415 2473 1625 2555 regnu
1769 2472 2056 2536 tunicam
2104 2478 2390 2537 et=emat
2435 2470 2728 2554 gladium

486 2555 553 2620 di
602 2557 769 2622 sicut
818 2578 1007 2640 puer:
1665 2558 1842 2620 75111
1892 2564 2177 2621 montem
2223 2576 2367 2621 cum
2413 2557 2590 2621 solus
2635 2564 2924 2629 orasset.

376 2643 457 2705 59
490 2642 777 2706 Facilius
825 2652 924 2708 est
970 2641 1310 2707 camellum
1362 2663 1476 2725 per
1520 2643 1584 2705 so
1770 2641 1939 2706 dixit
1964 2641 2304 2725 discipulis
2341 2648 2523 2706 orate
2551 2661 2630 2705 ne
2656 2642 2914 2706 intretis

483 2747 704 2792 tamen
754 2748 907 2791 acus
956 2729 1235 2792 transire
1771 2727 1833 2790 in
1883 2727 2379 2810 temptationem

378 2812 461 2874 60
485 2810 847 2876 Aduentum
882 2812 1209 2895 passionis
1236 2811 1395 2875 dicit
1431 2818 1493 2875 et
1532 2832 1623 2875 cae
1664 2813 1744 2875 76
1770 2811 2253 2877 Dixitihsiudae
2282 2812 2502 2875 osculo
2517 2810 2720 2875 filium
2737 2810 2913 2875 homi

481 2915 623 2960 cum
670 2916 898 2961 saccus
946 2897 1117 2961 uiam
1172 2897 1507 2962 sedentem
1558 2895 1622 2959 in
2559 2896 2659 2959 nis
2706 2895 2913 2961 tradis

284 3052 291 3057 ,
482 2981 757 3046 luminat
804 2982 927 3046 dns
1662 2980 1738 3045 77
1768 2980 1870 3045 Ad
1919 2981 2050 3045 ihr-ri
2101 2980 2406 3045 dixerunt
2461 2980 2793 3064 principes
2840 3001 2916 3046 sa

374 3066 823 3131 sslDezacheo
842 3067 1190 3151 publicano
1207 3067 1382 3131 statii
1404 3066 1622 3129 inimis
1768 3066 2100 3131 cei-dotum
2141 3066 2197 3130 si
2234 3073 2301 3130 tu
2337 3086 2407 3131 es
2442 3070 2566 3148 xps
2594 3066 2700 3130 dic
2724 3066 2913 3130 nobis

1391 3150 1619 3232 simoklj
1757 3158 1822 3215 et
1837 3152 2207 3216 obtulerunt
2223 3171 2367 3214 eum
2385 3150 2589 3233 pilato
2606 3151 2911 3216 etherodi

372 3237 453 3298 62
480 3235 686 3299 Homo
713 3235 896 3300 diues
923 3236 1395 3318 abiitaccipere
1414 3237 1620 3317 regnu
1661 3238 1846 3300 7610
1896 3237 2204 3320 passione
2251 3235 2419 3299 dixit
2465 3236 2565 3299 ihs
2607 3244 2792 3318 pater
2843 3236 2910 3299 di

474 3326 539 3383 et
584 3318 767 3383 dedit
812 3320 1018 3384 seruis
1061 3319 1219 3384 dece
1263 3341 1447 3384 mnas
1766 3320 1948 3385 mitte
1989 3321 2120 3385 illis
2165 3320 2319 3402 quia
2350 3320 2650 3384 nesciunt
2695 3329 2759 3384 et
2797 3321 2906 3385 uni

373 3405 453 3467 63
480 3405 577 3468 De
603 3424 877 3488 asynam
907 3413 969 3469 et
986 3406 1227 3487 pullum
1245 3414 1309 3468 et
1327 3405 1494 3469 dixit
1520 3404 1619 3467 ihs
1764 3405 1846 3468 de
1883 3406 2244 3471 latronibus
2281 3404 2449 3468 dixit
2489 3425 2758 3469 mecum·
2779 3406 2908 3470 eris

478 3488 1221 3571 sibitacuerintlapides
1246 3489 1621 3553 clamabunt
1764 3488 1959 3554 bodie
2007 3490 2071 3553 in
2087 3488 2429 3587 fflaradiso

478 3580 542 3637 et
585 3573 765 3638 fleuit
789 3594 983 3657 super
1011 3575 1397 3639 hierusalem
1438 3581 1503 3639 et
1539 3573 1619 3637 de
1660 3576 1736 3637 79
1768 3576 1919 3637 Post
1969 3573 2511 3637 resurrectionem
2560 3574 2868 3657 apparuit
2916 3604 2926 3614 ·

478 3658 721 3741 templo
770 3659 922 3724 eicit
968 3660 1327 3724 uendentes
1765 3658 1867 3722 ihs
1918 3659 2167 3725 duobus
2230 3656 2546 3740 apostolis
2605 3659 2907 3723 euntibus

374 3743 917 3826 641nterrogauit
963 3743 1065 3808 ihs
1112 3745 1505 3827 baptismum
1555 3744 1617 3807 'ro
1767 3744 1829 3808 in
1880 3744 2103 3809 uillam
2150 3750 2215 3808 et
2261 3741 2655 3808 benedicens
2702 3763 2812 3807 eos

477 3826 713 3893 hannis
761 3829 933 3894 unde
981 3840 1122 3894 erat
1763 3829 2063 3894 aseendit
2105 3829 2190 3893 in·
2222 3827 2423 3892 caelis

371 3913 453 3977 65
478 3912 601 3976 Vbi
616 3914 827 3978 coloni
844 3914 1217 3979 occiderunt
1237 3912 1390 3977 diim
1408 3913 1617 3977 uineae

476 4005 542 4061 et
587 3997 744 4062 data
789 4007 888 4064 est
932 4001 1128 4065 uinea
1173 3999 1322 4064 aliis

369 4084 451 4145 66
478 4081 756 4147 Reddite
792 4105 957 4166 quae
992 4084 1279 4150 caesaris
1305 4090 1453 4147 sunt
1502 4104 1616 4147 cac

476 4166 609 4231 sari
657 4175 722 4233 et
766 4189 930 4251 quae
973 4169 1037 4233 di
1086 4178 1235 4234 sunt
1278 4169 1361 4233 do
