<?xml version="1.0" encoding="UTF-8"?>
<!DOCTYPE html PUBLIC "-//W3C//DTD XHTML 1.0 Transitional//EN"
    "http://www.w3.org/TR/xhtml1/DTD/xhtml1-transitional.dtd">
<html xmlns="http://www.w3.org/1999/xhtml" xml:lang="en" lang="en">
 <head>
  <title>
</title>
<meta http-equiv="Content-Type" content="text/html;charset=utf-8" />
  <meta name='ocr-system' content='tesseract 3.04.00' />
  <meta name='ocr-capabilities' content='ocr_page ocr_carea ocr_par ocr_line ocrx_word'/>
</head>
<body>
  <div class='ocr_page' id='page_1' title='image "./codexaureussive00belsgoog_0179.png"; bbox 0 0 3634 5717; ppageno 0'>
   <div class='ocr_carea' id='block_1_1' title="bbox 405 640 653 707">
    <p class='ocr_par' dir='ltr' id='par_1_1' title="bbox 405 640 653 707">
     <span class='ocr_line' id='line_1_1' title="bbox 405 640 653 707; baseline 0.008 -3"><span class='ocrx_word' id='word_1_1' title='bbox 405 640 527 707; x_wconf 86' lang='lat' dir='ltr'><strong>Fol</strong></span> <span class='ocrx_word' id='word_1_2' title='bbox 569 641 653 706; x_wconf 85' lang='lat'><strong>59</strong></span> 
     </span>
    </p>
   </div>
   <div class='ocr_carea' id='block_1_2' title="bbox 608 840 1478 913">
    <p class='ocr_par' dir='ltr' id='par_1_2' title="bbox 608 840 1478 913">
     <span class='ocr_line' id='line_1_2' title="bbox 608 840 1478 913; baseline 0.001 -6"><span class='ocrx_word' id='word_1_3' title='bbox 608 841 906 910; x_wconf 84' lang='lat' dir='ltr'><strong>dieentes</strong></span> <span class='ocrx_word' id='word_1_4' title='bbox 950 841 1120 908; x_wconf 76' lang='lat' dir='ltr'><strong>have</strong></span> <span class='ocrx_word' id='word_1_5' title='bbox 1163 860 1295 913; x_wconf 67' lang='lat' dir='ltr'><strong>rex</strong></span> <span class='ocrx_word' id='word_1_6' title='bbox 1325 840 1478 908; x_wconf 90' lang='lat' dir='ltr'><strong>iude</strong></span> 
     </span>
    </p>
   </div>
   <div class='ocr_carea' id='block_1_3' title="bbox 434 994 1315 1094">
    <p class='ocr_par' dir='ltr' id='par_1_3' title="bbox 434 994 1315 1094">
     <span class='ocr_line' id='line_1_3' title="bbox 434 994 1315 1094; baseline -0.002 -33"><span class='ocrx_word' id='word_1_7' title='bbox 434 994 523 1061; x_wconf 88' lang='lat'><strong>30</strong></span> <span class='ocrx_word' id='word_1_8' title='bbox 568 1080 588 1094; x_wconf 35' lang='grc' dir='ltr'><strong>ο</strong></span> <span class='ocrx_word' id='word_1_9' title='bbox 608 1013 790 1060; x_wconf 88' lang='lat' dir='ltr'><strong>orum</strong></span> <span class='ocrx_word' id='word_1_10' title='bbox 829 1000 895 1061; x_wconf 87' lang='lat' dir='ltr'><strong>et</strong></span> <span class='ocrx_word' id='word_1_11' title='bbox 936 998 1315 1078; x_wconf 80' lang='lat' dir='ltr'><strong>expuentes·</strong></span> 
     </span>
    </p>
   </div>
   <div class='ocr_carea' id='block_1_4' title="bbox 606 1142 1494 1230">
    <p class='ocr_par' dir='ltr' id='par_1_4' title="bbox 606 1142 1494 1230">
     <span class='ocr_line' id='line_1_4' title="bbox 606 1142 1494 1230; baseline 0 -20"><span class='ocrx_word' id='word_1_12' title='bbox 606 1144 673 1211; x_wconf 91' lang='lat' dir='ltr'><strong>in</strong></span> <span class='ocrx_word' id='word_1_13' title='bbox 721 1153 805 1213; x_wconf 73' lang='lat' dir='ltr'><strong>eu</strong></span> <span class='ocrx_word' id='word_1_14' title='bbox 847 1150 1244 1230; x_wconf 72' lang='lat' dir='ltr'><strong>aeceperunt</strong></span> <span class='ocrx_word' id='word_1_15' title='bbox 1285 1142 1494 1210; x_wconf 83' lang='lat' dir='ltr'><strong>harvn</strong></span> 
     </span>
    </p>
   </div>
   <div class='ocr_carea' id='block_1_5' title="bbox 419 1294 1428 4412">
    <p class='ocr_par' dir='ltr' id='par_1_5' title="bbox 419 1294 1428 4412">
     <span class='ocr_line' id='line_1_5' title="bbox 602 1294 1428 1381; baseline 0 -19"><span class='ocrx_word' id='word_1_16' title='bbox 602 1296 825 1364; x_wconf 90' lang='lat' dir='ltr'><strong>dinem</strong></span> <span class='ocrx_word' id='word_1_17' title='bbox 869 1302 936 1362; x_wconf 89' lang='lat' dir='ltr'><strong>et</strong></span> <span class='ocrx_word' id='word_1_18' title='bbox 973 1294 1428 1381; x_wconf 77' lang='lat' dir='ltr'><strong>percutiebant</strong></span> 
     </span>
     <span class='ocr_line' id='line_1_6' title="bbox 428 1438 1282 1533; baseline -0.006 -15"><span class='ocrx_word' id='word_1_19' title='bbox 428 1438 510 1504; x_wconf 82' lang='lat'><strong>31</strong></span> <span class='ocrx_word' id='word_1_20' title='bbox 600 1454 799 1533; x_wconf 77' lang='lat' dir='ltr'><strong>eaput</strong></span> <span class='ocrx_word' id='word_1_21' title='bbox 840 1447 982 1515; x_wconf 90' lang='lat' dir='ltr'><strong>eius</strong></span> <span class='ocrx_word' id='word_1_22' title='bbox 1026 1453 1092 1514; x_wconf 88' lang='lat' dir='ltr'><strong>et</strong></span> <span class='ocrx_word' id='word_1_23' title='bbox 1131 1453 1282 1533; x_wconf 90' lang='lat' dir='ltr'><strong>post</strong></span> 
     </span>
     <span class='ocr_line' id='line_1_7' title="bbox 599 1599 1308 1684; baseline -0.003 -18"><span class='ocrx_word' id='word_1_24' title='bbox 599 1619 793 1684; x_wconf 78' lang='lat' dir='ltr'><strong>quam</strong></span> <span class='ocrx_word' id='word_1_25' title='bbox 836 1599 1203 1668; x_wconf 78' lang='lat' dir='ltr'><strong>inluserunt</strong></span> <span class='ocrx_word' id='word_1_26' title='bbox 1245 1599 1308 1668; x_wconf 90' lang='lat' dir='ltr'><strong>ei</strong></span> 
     </span>
     <span class='ocr_line' id='line_1_8' title="bbox 597 1751 1365 1835; baseline -0.003 -17"><span class='ocrx_word' id='word_1_27' title='bbox 597 1756 914 1818; x_wconf 85' lang='lat' dir='ltr'><strong>exuerunt</strong></span> <span class='ocrx_word' id='word_1_28' title='bbox 956 1771 1103 1819; x_wconf 93' lang='lat' dir='ltr'><strong>eum</strong></span> <span class='ocrx_word' id='word_1_29' title='bbox 1148 1751 1365 1835; x_wconf 78' lang='lat' dir='ltr'><strong>elamy</strong></span> 
     </span>
     <span class='ocr_line' id='line_1_9' title="bbox 596 1902 1379 1970; baseline -0.004 -2"><span class='ocrx_word' id='word_1_30' title='bbox 596 1902 746 1970; x_wconf 89' lang='lat' dir='ltr'><strong>dem</strong></span> <span class='ocrx_word' id='word_1_31' title='bbox 785 1909 854 1969; x_wconf 90' lang='lat' dir='ltr'><strong>et</strong></span> <span class='ocrx_word' id='word_1_32' title='bbox 896 1902 1247 1969; x_wconf 88' lang='lat' dir='ltr'><strong>induerunt</strong></span> <span class='ocrx_word' id='word_1_33' title='bbox 1285 1912 1379 1968; x_wconf 78' lang='lat' dir='ltr'><strong>eu-</strong></span> 
     </span>
     <span class='ocr_line' id='line_1_10' title="bbox 593 2053 1302 2122; baseline -0.003 -1"><span class='ocrx_word' id='word_1_34' title='bbox 593 2054 1004 2122; x_wconf 88' lang='lat' dir='ltr'><strong>uestimentis</strong></span> <span class='ocrx_word' id='word_1_35' title='bbox 1047 2053 1190 2121; x_wconf 88' lang='lat' dir='ltr'><strong>eius</strong></span> <span class='ocrx_word' id='word_1_36' title='bbox 1236 2059 1302 2121; x_wconf 88' lang='lat' dir='ltr'><strong>et</strong></span> 
     </span>
     <span class='ocr_line' id='line_1_11' title="bbox 594 2205 1371 2273; baseline -0.003 -1"><span class='ocrx_word' id='word_1_37' title='bbox 594 2205 918 2273; x_wconf 82' lang='lat' dir='ltr'><strong>duxerunt</strong></span> <span class='ocrx_word' id='word_1_38' title='bbox 954 2225 1100 2273; x_wconf 87' lang='lat' dir='ltr'><strong>eum</strong></span> <span class='ocrx_word' id='word_1_39' title='bbox 1144 2211 1219 2272; x_wconf 90' lang='lat' dir='ltr'><strong>ut</strong></span> <span class='ocrx_word' id='word_1_40' title='bbox 1259 2225 1371 2271; x_wconf 85' lang='lat' dir='ltr'><strong>erv</strong></span> 
     </span>
     <span class='ocr_line' id='line_1_12' title="bbox 423 2358 1307 2443; baseline -0.007 -13"><span class='ocrx_word' id='word_1_41' title='bbox 423 2365 506 2430; x_wconf 79' lang='lat'><strong>32</strong></span> <span class='ocrx_word' id='word_1_42' title='bbox 594 2358 935 2443; x_wconf 85' lang='lat' dir='ltr'><strong>eifigerent</strong></span> <span class='ocrx_word' id='word_1_43' title='bbox 976 2358 1307 2425; x_wconf 83' lang='lat' dir='ltr'><strong>Exeuntes</strong></span> 
     </span>
     <span class='ocr_line' id='line_1_13' title="bbox 592 2507 1307 2578; baseline -0.007 0"><span class='ocrx_word' id='word_1_44' title='bbox 592 2517 743 2578; x_wconf 80' lang='lat' dir='ltr'><strong>aute</strong></span> <span class='ocrx_word' id='word_1_45' title='bbox 786 2510 1179 2577; x_wconf 85' lang='lat' dir='ltr'><strong>inuenerunt</strong></span> <span class='ocrx_word' id='word_1_46' title='bbox 1221 2507 1307 2573; x_wconf 88' lang='lat' dir='ltr'><strong>ho</strong></span> 
     </span>
     <span class='ocr_line' id='line_1_14' title="bbox 592 2614 1311 2746; baseline -0.001 -19"><span class='ocrx_word' id='word_1_47' title='bbox 592 2661 832 2729; x_wconf 81' lang='lat' dir='ltr'><strong>minem</strong></span> <span class='ocrx_word' id='word_1_48' title='bbox 877 2614 1184 2746; x_wconf 78' lang='lat' dir='ltr'><strong>eyraeneu</strong></span> <span class='ocrx_word' id='word_1_49' title='bbox 1227 2680 1311 2726; x_wconf 92' lang='lat' dir='ltr'><strong>no</strong></span> 
     </span>
     <span class='ocr_line' id='line_1_15' title="bbox 592 2812 1404 2880; baseline 0.001 -1"><span class='ocrx_word' id='word_1_50' title='bbox 592 2813 767 2880; x_wconf 89' lang='lat' dir='ltr'><strong>mine</strong></span> <span class='ocrx_word' id='word_1_51' title='bbox 793 2813 1062 2880; x_wconf 78' lang='lat' dir='ltr'><strong>simone</strong></span> <span class='ocrx_word' id='word_1_52' title='bbox 1101 2812 1274 2880; x_wconf 85' lang='lat' dir='ltr'><strong>hune</strong></span> <span class='ocrx_word' id='word_1_53' title='bbox 1317 2833 1404 2880; x_wconf 81' lang='lat' dir='ltr'><strong>an</strong></span> 
     </span>
     <span class='ocr_line' id='line_1_16' title="bbox 590 2964 1298 3050; baseline -0.001 -19"><span class='ocrx_word' id='word_1_54' title='bbox 590 2964 1051 3050; x_wconf 76' lang='lat' dir='ltr'><strong>garizauerunt</strong></span> <span class='ocrx_word' id='word_1_55' title='bbox 1093 2970 1166 3031; x_wconf 91' lang='lat' dir='ltr'><strong>ut</strong></span> <span class='ocrx_word' id='word_1_56' title='bbox 1203 2965 1298 3030; x_wconf 94' lang='lat' dir='ltr'><strong>tol</strong></span> 
     </span>
     <span class='ocr_line' id='line_1_17' title="bbox 419 3110 1372 3187; baseline -0.005 -2"><span class='ocrx_word' id='word_1_57' title='bbox 419 3110 503 3175; x_wconf 84' lang='lat'><strong>33</strong></span> <span class='ocrx_word' id='word_1_58' title='bbox 589 3119 757 3187; x_wconf 89' lang='lat' dir='ltr'><strong>leret</strong></span> <span class='ocrx_word' id='word_1_59' title='bbox 800 3136 1055 3185; x_wconf 85' lang='lat' dir='ltr'><strong>orueem</strong></span> <span class='ocrx_word' id='word_1_60' title='bbox 1099 3116 1242 3183; x_wconf 90' lang='lat' dir='ltr'><strong>eius</strong></span> <span class='ocrx_word' id='word_1_61' title='bbox 1286 3115 1372 3181; x_wconf 89' lang='lat' dir='ltr'><strong>Et</strong></span> 
     </span>
     <span class='ocr_line' id='line_1_18' title="bbox 587 3224 1368 3351; baseline -0.009 -13"><span class='ocrx_word' id='word_1_62' title='bbox 587 3224 909 3339; x_wconf 73' lang='lat' dir='ltr'><strong>uenerunt</strong></span> <span class='ocrx_word' id='word_1_63' title='bbox 950 3268 1016 3334; x_wconf 92' lang='lat' dir='ltr'><strong>in</strong></span> <span class='ocrx_word' id='word_1_64' title='bbox 1062 3269 1213 3334; x_wconf 77' lang='lat' dir='ltr'><strong>locu</strong></span> <span class='ocrx_word' id='word_1_65' title='bbox 1257 3264 1368 3351; x_wconf 89' lang='lat' dir='ltr'><strong>qui</strong></span> 
     </span>
     <span class='ocr_line' id='line_1_19' title="bbox 589 3417 1406 3504; baseline -0.004 -18"><span class='ocrx_word' id='word_1_66' title='bbox 589 3420 827 3487; x_wconf 85' lang='lat' dir='ltr'><strong>dieitur</strong></span> <span class='ocrx_word' id='word_1_67' title='bbox 869 3419 1192 3504; x_wconf 80' lang='lat' dir='ltr'><strong>golgotha</strong></span> <span class='ocrx_word' id='word_1_68' title='bbox 1233 3417 1406 3502; x_wconf 90' lang='lat' dir='ltr'><strong>quod</strong></span> 
     </span>
     <span class='ocr_line' id='line_1_20' title="bbox 592 3570 1266 3640; baseline -0.007 0"><span class='ocrx_word' id='word_1_69' title='bbox 592 3578 692 3640; x_wconf 87' lang='lat' dir='ltr'><strong>est</strong></span> <span class='ocrx_word' id='word_1_70' title='bbox 734 3570 1042 3638; x_wconf 70' lang='lat' dir='ltr'><strong>caluariae</strong></span> <span class='ocrx_word' id='word_1_71' title='bbox 1084 3571 1266 3636; x_wconf 85' lang='lat' dir='ltr'><strong>loeus</strong></span> 
     </span>
     <span class='ocr_line' id='line_1_21' title="bbox 422 3719 1348 3790; baseline -0.005 -3"><span class='ocrx_word' id='word_1_72' title='bbox 422 3721 507 3787; x_wconf 86' lang='lat'><strong>34</strong></span> <span class='ocrx_word' id='word_1_73' title='bbox 590 3724 676 3790; x_wconf 83' lang='lat' dir='ltr'><strong>Et</strong></span> <span class='ocrx_word' id='word_1_74' title='bbox 718 3721 1040 3790; x_wconf 88' lang='lat' dir='ltr'><strong>dederunt</strong></span> <span class='ocrx_word' id='word_1_75' title='bbox 1083 3721 1146 3787; x_wconf 91' lang='lat' dir='ltr'><strong>ei</strong></span> <span class='ocrx_word' id='word_1_76' title='bbox 1187 3719 1348 3787; x_wconf 69' lang='lat' dir='ltr'><strong>uim]</strong></span> 
     </span>
     <span class='ocr_line' id='line_1_22' title="bbox 593 3869 1387 3942; baseline -0.006 -2"><span class='ocrx_word' id='word_1_77' title='bbox 593 3874 816 3942; x_wconf 85' lang='lat' dir='ltr'><strong>bibere</strong></span> <span class='ocrx_word' id='word_1_78' title='bbox 860 3894 1004 3940; x_wconf 85' lang='lat' dir='ltr'><strong>eum</strong></span> <span class='ocrx_word' id='word_1_79' title='bbox 1050 3871 1207 3939; x_wconf 85' lang='lat' dir='ltr'><strong>felle</strong></span> <span class='ocrx_word' id='word_1_80' title='bbox 1251 3869 1387 3936; x_wconf 84' lang='lat' dir='ltr'><strong>mix</strong></span> 
     </span>
     <span class='ocr_line' id='line_1_23' title="bbox 591 4026 1342 4109; baseline -0.005 -18"><span class='ocrx_word' id='word_1_81' title='bbox 591 4032 663 4090; x_wconf 74' lang='lat' dir='ltr'><strong>tn</strong></span> <span class='ocrx_word' id='word_1_82' title='bbox 708 4030 774 4091; x_wconf 88' lang='lat' dir='ltr'><strong>et</strong></span> <span class='ocrx_word' id='word_1_83' title='bbox 817 4043 961 4090; x_wconf 84' lang='lat' dir='ltr'><strong>eum</strong></span> <span class='ocrx_word' id='word_1_84' title='bbox 1008 4026 1342 4109; x_wconf 77' lang='lat' dir='ltr'><strong>gustasset</strong></span> 
     </span>
     <span class='ocr_line' id='line_1_24' title="bbox 424 4174 1271 4244; baseline -0.006 0"><span class='ocrx_word' id='word_1_85' title='bbox 424 4179 509 4244; x_wconf 82' lang='lat'><strong>35</strong></span> <span class='ocrx_word' id='word_1_86' title='bbox 592 4174 804 4243; x_wconf 86' lang='lat' dir='ltr'><strong>noluit</strong></span> <span class='ocrx_word' id='word_1_87' title='bbox 845 4174 1068 4242; x_wconf 87' lang='lat' dir='ltr'><strong>bibere</strong></span> <span class='ocrx_word' id='word_1_88' title='bbox 1112 4175 1271 4240; x_wconf 90' lang='lat' dir='ltr'><strong>Post</strong></span> 
     </span>
     <span class='ocr_line' id='line_1_25' title="bbox 590 4324 1296 4412; baseline -0.006 -18"><span class='ocrx_word' id='word_1_89' title='bbox 590 4348 784 4412; x_wconf 81' lang='lat' dir='ltr'><strong>quam</strong></span> <span class='ocrx_word' id='word_1_90' title='bbox 827 4333 980 4394; x_wconf 78' lang='lat' dir='ltr'><strong>aute</strong></span> <span class='ocrx_word' id='word_1_91' title='bbox 1026 4324 1296 4393; x_wconf 80' lang='lat' dir='ltr'><strong>erucifix</strong></span> 
     </span>
    </p>
   </div>
   <div class='ocr_carea' id='block_1_6' title="bbox 590 4477 1310 4546">
    <p class='ocr_par' dir='ltr' id='par_1_6' title="bbox 590 4477 1310 4546">
     <span class='ocr_line' id='line_1_26' title="bbox 590 4477 1310 4546; baseline -0.004 -2"><span class='ocrx_word' id='word_1_92' title='bbox 590 4485 779 4545; x_wconf 92' lang='lat' dir='ltr'><strong>erunt</strong></span> <span class='ocrx_word' id='word_1_93' title='bbox 821 4489 904 4545; x_wconf 75' lang='lat' dir='ltr'><strong>eu</strong></span> <span class='ocrx_word' id='word_1_94' title='bbox 943 4477 1310 4546; x_wconf 89' lang='lat' dir='ltr'><strong>diuiserunt</strong></span> 
     </span>
    </p>
   </div>
   <div class='ocr_carea' id='block_1_7' title="bbox 490 4762 849 4811">
    <p class='ocr_par' dir='ltr' id='par_1_7' title="bbox 490 4762 849 4811">
     <span class='ocr_line' id='line_1_27' title="bbox 490 4762 849 4811; baseline 0 -2"><span class='ocrx_word' id='word_1_95' title='bbox 490 4762 645 4810; x_wconf 82' lang='lat' dir='ltr'><strong>Codex</strong></span> <span class='ocrx_word' id='word_1_96' title='bbox 669 4777 849 4811; x_wconf 74' lang='lat' dir='ltr'><strong>aureus.</strong></span> 
     </span>
    </p>
   </div>
   <div class='ocr_carea' id='block_1_8' title="bbox 1538 642 1849 709">
    <p class='ocr_par' dir='ltr' id='par_1_8' title="bbox 1538 642 1849 709">
     <span class='ocr_line' id='line_1_28' title="bbox 1538 642 1849 709; baseline 0.006 -2"><span class='ocrx_word' id='word_1_97' title='bbox 1538 642 1849 709; x_wconf 80' lang='lat' dir='ltr'><strong>Mtc27</strong></span> 
     </span>
    </p>
   </div>
   <div class='ocr_carea' id='block_1_9' title="bbox 1917 842 2772 1685">
    <p class='ocr_par' dir='ltr' id='par_1_9' title="bbox 1927 842 2655 915">
     <span class='ocr_line' id='line_1_29' title="bbox 1927 842 2655 915; baseline -0.003 -5"><span class='ocrx_word' id='word_1_98' title='bbox 1927 842 2321 915; x_wconf 82' lang='lat' dir='ltr'><strong>uestimenta</strong></span> <span class='ocrx_word' id='word_1_99' title='bbox 2362 843 2502 910; x_wconf 89' lang='lat' dir='ltr'><strong>eius</strong></span> <span class='ocrx_word' id='word_1_100' title='bbox 2544 863 2655 909; x_wconf 91' lang='lat' dir='ltr'><strong>sor</strong></span> 
     </span>
    </p>

    <p class='ocr_par' dir='ltr' id='par_1_10' title="bbox 1917 995 2772 1685">
     <span class='ocr_line' id='line_1_30' title="bbox 1925 995 2709 1079; baseline 0 -17"><span class='ocrx_word' id='word_1_101' title='bbox 1925 1002 1991 1062; x_wconf 83' lang='lat' dir='ltr'><strong>te</strong></span> <span class='ocrx_word' id='word_1_102' title='bbox 2035 995 2370 1062; x_wconf 88' lang='lat' dir='ltr'><strong>mittentes</strong></span> <span class='ocrx_word' id='word_1_103' title='bbox 2412 1001 2484 1061; x_wconf 90' lang='lat' dir='ltr'><strong>ut</strong></span> <span class='ocrx_word' id='word_1_104' title='bbox 2527 995 2709 1079; x_wconf 90' lang='lat' dir='ltr'><strong>inple</strong></span> 
     </span>
     <span class='ocr_line' id='line_1_31' title="bbox 1924 1110 2727 1244; baseline -0.002 -31"><span class='ocrx_word' id='word_1_105' title='bbox 1924 1153 2070 1213; x_wconf 84' lang='lat' dir='ltr'><strong>atur</strong></span> <span class='ocrx_word' id='word_1_106' title='bbox 2116 1110 2291 1231; x_wconf 89' lang='lat' dir='ltr'><strong>quod</strong></span> <span class='ocrx_word' id='word_1_107' title='bbox 2335 1145 2579 1244; x_wconf 82' lang='lat' dir='ltr'><strong>dietum</strong></span> <span class='ocrx_word' id='word_1_108' title='bbox 2625 1151 2727 1212; x_wconf 93' lang='lat' dir='ltr'><strong>est</strong></span> 
     </span>
     <span class='ocr_line' id='line_1_32' title="bbox 1919 1296 2667 1383; baseline -0.011 -11"><span class='ocrx_word' id='word_1_109' title='bbox 1919 1319 2040 1383; x_wconf 79' lang='lat' dir='ltr'><strong>per</strong></span> <span class='ocrx_word' id='word_1_110' title='bbox 2082 1299 2410 1383; x_wconf 65' lang='lat' dir='ltr'><strong>propheta</strong></span> <span class='ocrx_word' id='word_1_111' title='bbox 2453 1296 2667 1364; x_wconf 88' lang='lat' dir='ltr'><strong>diuise</strong></span> 
     </span>
     <span class='ocr_line' id='line_1_33' title="bbox 1917 1435 2772 1555; baseline -0.007 -36"><span class='ocrx_word' id='word_1_112' title='bbox 1917 1455 2067 1519; x_wconf 86' lang='lat' dir='ltr'><strong>runt</strong></span> <span class='ocrx_word' id='word_1_113' title='bbox 2108 1448 2505 1517; x_wconf 76' lang='lat' dir='ltr'><strong>uestimenta</strong></span> <span class='ocrx_word' id='word_1_114' title='bbox 2539 1435 2652 1514; x_wconf 67' lang='lat' dir='ltr'><strong>‘me</strong></span> <span class='ocrx_word' id='word_1_115' title='bbox 2763 1544 2772 1555; x_wconf 21' lang='grc' dir='ltr'><strong><em>ἒ</em></strong></span> 
     </span>
     <span class='ocr_line' id='line_1_34' title="bbox 1917 1600 2708 1685; baseline -0.001 -18"><span class='ocrx_word' id='word_1_116' title='bbox 1917 1622 1959 1667; x_wconf 84' lang='lat' dir='ltr'><strong>a</strong></span> <span class='ocrx_word' id='word_1_117' title='bbox 2003 1600 2132 1668; x_wconf 86' lang='lat' dir='ltr'><strong>sibi</strong></span> <span class='ocrx_word' id='word_1_118' title='bbox 2177 1606 2245 1668; x_wconf 92' lang='lat' dir='ltr'><strong>et</strong></span> <span class='ocrx_word' id='word_1_119' title='bbox 2286 1620 2485 1685; x_wconf 89' lang='lat' dir='ltr'><strong>super</strong></span> <span class='ocrx_word' id='word_1_120' title='bbox 2524 1606 2708 1667; x_wconf 80' lang='lat' dir='ltr'><strong>ueste</strong></span> 
     </span>
    </p>
   </div>
   <div class='ocr_carea' id='block_1_10' title="bbox 1915 1750 2638 1839">
    <p class='ocr_par' dir='ltr' id='par_1_11' title="bbox 1915 1750 2638 1839">
     <span class='ocr_line' id='line_1_35' title="bbox 1915 1750 2638 1839; baseline -0.004 -21"><span class='ocrx_word' id='word_1_121' title='bbox 1915 1750 2422 1839; x_wconf 54' lang='lat' dir='ltr'><strong>mes‚miserunt</strong></span> <span class='ocrx_word' id='word_1_122' title='bbox 2462 1756 2638 1817; x_wconf 80' lang='lat' dir='ltr'><strong>sorte</strong></span> 
     </span>
    </p>
   </div>
   <div class='ocr_carea' id='block_1_11' title="bbox 1653 1901 2731 1972">
    <p class='ocr_par' dir='ltr' id='par_1_12' title="bbox 1653 1901 2731 1972">
     <span class='ocr_line' id='line_1_36' title="bbox 1653 1901 2731 1972; baseline -0.002 -3"><span class='ocrx_word' id='word_1_123' title='bbox 1653 1965 1658 1969; x_wconf 85' lang='lat'>.</span> <span class='ocrx_word' id='word_1_124' title='bbox 1737 1906 1824 1972; x_wconf 85' lang='lat'><strong>36</strong></span> <span class='ocrx_word' id='word_1_125' title='bbox 1909 1911 1977 1971; x_wconf 90' lang='lat' dir='ltr'><strong>et</strong></span> <span class='ocrx_word' id='word_1_126' title='bbox 2019 1903 2326 1971; x_wconf 84' lang='lat' dir='ltr'><strong>sedentes</strong></span> <span class='ocrx_word' id='word_1_127' title='bbox 2372 1901 2731 1969; x_wconf 79' lang='lat' dir='ltr'><strong>seruabant</strong></span> 
     </span>
    </p>
   </div>
   <div class='ocr_carea' id='block_1_12' title="bbox 1727 2054 2823 4825">
    <p class='ocr_par' dir='ltr' id='par_1_13' title="bbox 1735 2054 2823 2575">
     <span class='ocr_line' id='line_1_37' title="bbox 1735 2054 2658 2155; baseline -0.009 -29"><span class='ocrx_word' id='word_1_128' title='bbox 1735 2060 1816 2126; x_wconf 83' lang='lat'><strong>37</strong></span> <span class='ocrx_word' id='word_1_129' title='bbox 1907 2075 2054 2155; x_wconf 85' lang='lat' dir='ltr'><strong>eum</strong></span> <span class='ocrx_word' id='word_1_130' title='bbox 2100 2054 2186 2120; x_wconf 88' lang='lat' dir='ltr'><strong>Et</strong></span> <span class='ocrx_word' id='word_1_131' title='bbox 2228 2054 2658 2138; x_wconf 87' lang='lat' dir='ltr'><strong>inposuerunt</strong></span> 
     </span>
     <span class='ocr_line' id='line_1_38' title="bbox 1912 2203 2697 2291; baseline -0.004 -19"><span class='ocrx_word' id='word_1_132' title='bbox 1912 2225 2109 2291; x_wconf 89' lang='lat' dir='ltr'><strong>super</strong></span> <span class='ocrx_word' id='word_1_133' title='bbox 2148 2213 2347 2289; x_wconf 81' lang='lat' dir='ltr'><strong>eaput</strong></span> <span class='ocrx_word' id='word_1_134' title='bbox 2391 2203 2532 2270; x_wconf 89' lang='lat' dir='ltr'><strong>eius</strong></span> <span class='ocrx_word' id='word_1_135' title='bbox 2577 2222 2697 2270; x_wconf 82' lang='lat' dir='ltr'><strong>eau</strong></span> 
     </span>
     <span class='ocr_line' id='line_1_39' title="bbox 1910 2354 2823 2440; baseline -0.004 -17"><span class='ocrx_word' id='word_1_136' title='bbox 1910 2376 2053 2428; x_wconf 79' lang='lat' dir='ltr'><strong>sam</strong></span> <span class='ocrx_word' id='word_1_137' title='bbox 2096 2356 2304 2440; x_wconf 89' lang='lat' dir='ltr'><strong>ipsius</strong></span> <span class='ocrx_word' id='word_1_138' title='bbox 2348 2354 2597 2438; x_wconf 66' lang='lat' dir='ltr'><strong>scripte</strong></span> <span class='ocrx_word' id='word_1_139' title='bbox 2639 2354 2747 2420; x_wconf 85' lang='lat' dir='ltr'><strong>hie</strong></span> <span class='ocrx_word' id='word_1_140' title='bbox 2818 2370 2823 2374; x_wconf 85' lang='grc'><em>·</em></span> 
     </span>
     <span class='ocr_line' id='line_1_40' title="bbox 1910 2505 2656 2575; baseline -0.007 0"><span class='ocrx_word' id='word_1_141' title='bbox 1910 2514 2014 2575; x_wconf 89' lang='lat' dir='ltr'><strong>est</strong></span> <span class='ocrx_word' id='word_1_142' title='bbox 2056 2505 2160 2572; x_wconf 83' lang='lat' dir='ltr'><strong>ihs</strong></span> <span class='ocrx_word' id='word_1_143' title='bbox 2201 2526 2321 2572; x_wconf 87' lang='lat' dir='ltr'><strong>rex</strong></span> <span class='ocrx_word' id='word_1_144' title='bbox 2362 2505 2656 2572; x_wconf 80' lang='lat' dir='ltr'><strong>iudaeoru</strong></span> 
     </span>
    </p>

    <p class='ocr_par' dir='ltr' id='par_1_14' title="bbox 1738 2650 2711 2729">
     <span class='ocr_line' id='line_1_41' title="bbox 1738 2650 2711 2729; baseline -0.004 -3"><span class='ocrx_word' id='word_1_145' title='bbox 1738 2650 1823 2715; x_wconf 85' lang='lat'><strong>38</strong></span> <span class='ocrx_word' id='word_1_146' title='bbox 1908 2666 2064 2729; x_wconf 85' lang='lat' dir='ltr'><strong>tune</strong></span> <span class='ocrx_word' id='word_1_147' title='bbox 2108 2656 2400 2727; x_wconf 73' lang='lat' dir='ltr'><strong>crucifixi</strong></span> <span class='ocrx_word' id='word_1_148' title='bbox 2443 2662 2598 2724; x_wconf 88' lang='lat' dir='ltr'><strong>sunt</strong></span> <span class='ocrx_word' id='word_1_149' title='bbox 2633 2662 2711 2722; x_wconf 63' lang='grc' dir='ltr'><strong>οῦ</strong></span> 
     </span>
    </p>

    <p class='ocr_par' dir='ltr' id='par_1_15' title="bbox 1770 2809 2754 3030">
     <span class='ocr_line' id='line_1_42' title="bbox 1770 2809 2703 2878; baseline -0.003 0"><span class='ocrx_word' id='word_1_150' title='bbox 1770 2862 1775 2871; x_wconf 89' lang='grc'><em>.</em></span> <span class='ocrx_word' id='word_1_151' title='bbox 1910 2831 1990 2878; x_wconf 90' lang='lat' dir='ltr'><strong>eo</strong></span> <span class='ocrx_word' id='word_1_152' title='bbox 2029 2811 2159 2878; x_wconf 88' lang='lat' dir='ltr'><strong>duo</strong></span> <span class='ocrx_word' id='word_1_153' title='bbox 2201 2809 2492 2877; x_wconf 77' lang='lat' dir='ltr'><strong>latrones</strong></span> <span class='ocrx_word' id='word_1_154' title='bbox 2536 2826 2703 2875; x_wconf 87' lang='lat' dir='ltr'><strong>unus</strong></span> 
     </span>
     <span class='ocr_line' id='line_1_43' title="bbox 1909 2958 2754 3030; baseline -0.006 -1"><span class='ocrx_word' id='word_1_155' title='bbox 1909 2983 1953 3029; x_wconf 85' lang='lat' dir='ltr'><strong>a</strong></span> <span class='ocrx_word' id='word_1_156' title='bbox 1994 2960 2244 3030; x_wconf 83' lang='lat' dir='ltr'><strong>dextris</strong></span> <span class='ocrx_word' id='word_1_157' title='bbox 2291 2966 2357 3029; x_wconf 88' lang='lat' dir='ltr'><strong>et</strong></span> <span class='ocrx_word' id='word_1_158' title='bbox 2399 2980 2565 3027; x_wconf 88' lang='lat' dir='ltr'><strong>unus</strong></span> <span class='ocrx_word' id='word_1_159' title='bbox 2610 2980 2652 3025; x_wconf 84' lang='lat' dir='ltr'><strong>a</strong></span> <span class='ocrx_word' id='word_1_160' title='bbox 2694 2958 2754 3025; x_wconf 89' lang='lat' dir='ltr'><strong>si</strong></span> 
     </span>
    </p>

    <p class='ocr_par' dir='ltr' id='par_1_16' title="bbox 1733 3110 2641 3483">
     <span class='ocr_line' id='line_1_44' title="bbox 1733 3110 2553 3180; baseline 0.002 -5"><span class='ocrx_word' id='word_1_161' title='bbox 1733 3110 1818 3175; x_wconf 86' lang='lat'><strong>39</strong></span> <span class='ocrx_word' id='word_1_162' title='bbox 1904 3113 2131 3180; x_wconf 77' lang='lat' dir='ltr'><strong>nisti-is</strong></span> <span class='ocrx_word' id='word_1_163' title='bbox 2176 3114 2553 3179; x_wconf 83' lang='lat' dir='ltr'><strong>Praetereun</strong></span> 
     </span>
     <span class='ocr_line' id='line_1_45' title="bbox 1906 3263 2641 3347; baseline -0.007 -14"><span class='ocrx_word' id='word_1_164' title='bbox 1906 3273 2007 3332; x_wconf 89' lang='lat' dir='ltr'><strong>tes</strong></span> <span class='ocrx_word' id='word_1_165' title='bbox 2052 3271 2205 3332; x_wconf 77' lang='lat' dir='ltr'><strong>aute</strong></span> <span class='ocrx_word' id='word_1_166' title='bbox 2251 3263 2641 3347; x_wconf 76' lang='lat' dir='ltr'><strong>blasphema</strong></span> 
     </span>
     <span class='ocr_line' id='line_1_46' title="bbox 1906 3416 2639 3483; baseline -0.003 -2"><span class='ocrx_word' id='word_1_167' title='bbox 1906 3416 2067 3483; x_wconf 77' lang='lat' dir='ltr'><strong>bant</strong></span> <span class='ocrx_word' id='word_1_168' title='bbox 2108 3434 2255 3481; x_wconf 90' lang='lat' dir='ltr'><strong>eum</strong></span> <span class='ocrx_word' id='word_1_169' title='bbox 2301 3419 2639 3480; x_wconf 88' lang='lat' dir='ltr'><strong>mouentes</strong></span> 
     </span>
    </p>

    <p class='ocr_par' dir='ltr' id='par_1_17' title="bbox 1727 3562 2738 4388">
     <span class='ocr_line' id='line_1_47' title="bbox 1727 3562 2738 3651; baseline -0.002 -19"><span class='ocrx_word' id='word_1_170' title='bbox 1727 3566 1815 3632; x_wconf 86' lang='lat'><strong>40</strong></span> <span class='ocrx_word' id='word_1_171' title='bbox 1899 3566 2125 3651; x_wconf 77' lang='lat' dir='ltr'><strong>capita</strong></span> <span class='ocrx_word' id='word_1_172' title='bbox 2166 3584 2290 3631; x_wconf 81' lang='lat' dir='ltr'><strong>sua</strong></span> <span class='ocrx_word' id='word_1_173' title='bbox 2332 3570 2400 3631; x_wconf 94' lang='lat' dir='ltr'><strong>et</strong></span> <span class='ocrx_word' id='word_1_174' title='bbox 2441 3562 2738 3630; x_wconf 86' lang='lat' dir='ltr'><strong>dieentes</strong></span> 
     </span>
     <span class='ocr_line' id='line_1_48' title="bbox 1906 3715 2644 3800; baseline -0.005 -16"><span class='ocrx_word' id='word_1_175' title='bbox 1906 3737 1995 3784; x_wconf 80' lang='lat' dir='ltr'><strong>ua</strong></span> <span class='ocrx_word' id='word_1_176' title='bbox 2037 3715 2149 3800; x_wconf 90' lang='lat' dir='ltr'><strong>qui</strong></span> <span class='ocrx_word' id='word_1_177' title='bbox 2192 3715 2472 3782; x_wconf 85' lang='lat' dir='ltr'><strong>destruit</strong></span> <span class='ocrx_word' id='word_1_178' title='bbox 2512 3720 2644 3781; x_wconf 85' lang='lat' dir='ltr'><strong>tem</strong></span> 
     </span>
     <span class='ocr_line' id='line_1_49' title="bbox 1907 3865 2700 3952; baseline -0.003 -19"><span class='ocrx_word' id='word_1_179' title='bbox 1907 3868 2024 3952; x_wconf 76' lang='lat' dir='ltr'><strong>plu</strong></span> <span class='ocrx_word' id='word_1_180' title='bbox 2060 3875 2125 3933; x_wconf 89' lang='lat' dir='ltr'><strong>et</strong></span> <span class='ocrx_word' id='word_1_181' title='bbox 2167 3867 2237 3932; x_wconf 89' lang='lat' dir='ltr'><strong>in</strong></span> <span class='ocrx_word' id='word_1_182' title='bbox 2274 3865 2490 3933; x_wconf 90' lang='lat' dir='ltr'><strong>triduo</strong></span> <span class='ocrx_word' id='word_1_183' title='bbox 2536 3865 2700 3932; x_wconf 88' lang='lat' dir='ltr'><strong>illud</strong></span> 
     </span>
     <span class='ocr_line' id='line_1_50' title="bbox 1909 4016 2616 4085; baseline 0 -2"><span class='ocrx_word' id='word_1_184' title='bbox 1909 4017 2081 4085; x_wconf 84' lang='lat' dir='ltr'><strong>iteru</strong></span> <span class='ocrx_word' id='word_1_185' title='bbox 2103 4016 2488 4084; x_wconf 76' lang='lat' dir='ltr'><strong>reaedificat</strong></span> <span class='ocrx_word' id='word_1_186' title='bbox 2515 4018 2616 4083; x_wconf 84' lang='lat' dir='ltr'><strong>sal</strong></span> 
     </span>
     <span class='ocr_line' id='line_1_51' title="bbox 1906 4167 2730 4254; baseline -0.005 -17"><span class='ocrx_word' id='word_1_187' title='bbox 1906 4191 1996 4237; x_wconf 82' lang='lat' dir='ltr'><strong>ua</strong></span> <span class='ocrx_word' id='word_1_188' title='bbox 2037 4174 2242 4237; x_wconf 88' lang='lat' dir='ltr'><strong>temet</strong></span> <span class='ocrx_word' id='word_1_189' title='bbox 2284 4168 2499 4254; x_wconf 87' lang='lat' dir='ltr'><strong>ipsum</strong></span> <span class='ocrx_word' id='word_1_190' title='bbox 2538 4168 2598 4235; x_wconf 90' lang='lat' dir='ltr'><strong>si</strong></span> <span class='ocrx_word' id='word_1_191' title='bbox 2634 4167 2730 4234; x_wconf 87' lang='lat' dir='ltr'><strong>fili</strong></span> 
     </span>
     <span class='ocr_line' id='line_1_52' title="bbox 1907 4314 2712 4388; baseline -0.004 -1"><span class='ocrx_word' id='word_1_192' title='bbox 1907 4342 1985 4388; x_wconf 90' lang='lat' dir='ltr'><strong>us</strong></span> <span class='ocrx_word' id='word_1_193' title='bbox 2028 4322 2098 4387; x_wconf 86' lang='lat' dir='ltr'><strong>di</strong></span> <span class='ocrx_word' id='word_1_194' title='bbox 2143 4341 2214 4388; x_wconf 89' lang='lat' dir='ltr'><strong>es</strong></span> <span class='ocrx_word' id='word_1_195' title='bbox 2259 4320 2588 4387; x_wconf 84' lang='lat' dir='ltr'><strong>deseende</strong></span> <span class='ocrx_word' id='word_1_196' title='bbox 2624 4314 2712 4385; x_wconf 83' lang='lat' dir='ltr'><strong>de</strong></span> 
     </span>
    </p>

    <p class='ocr_par' dir='ltr' id='par_1_18' title="bbox 1732 4470 2690 4555">
     <span class='ocr_line' id='line_1_53' title="bbox 1732 4470 2690 4555; baseline -0.007 -12"><span class='ocrx_word' id='word_1_197' title='bbox 1732 4479 1811 4543; x_wconf 88' lang='lat'><strong>41</strong></span> <span class='ocrx_word' id='word_1_198' title='bbox 1904 4492 2094 4539; x_wconf 80' lang='lat' dir='ltr'><strong>eruce</strong></span> <span class='ocrx_word' id='word_1_199' title='bbox 2136 4470 2457 4538; x_wconf 90' lang='lat' dir='ltr'><strong>Similiter</strong></span> <span class='ocrx_word' id='word_1_200' title='bbox 2500 4478 2567 4536; x_wconf 93' lang='lat' dir='ltr'><strong>et</strong></span> <span class='ocrx_word' id='word_1_201' title='bbox 2610 4491 2690 4555; x_wconf 91' lang='lat' dir='ltr'><strong>pr</strong></span> 
     </span>
    </p>

    <p class='ocr_par' dir='ltr' id='par_1_19' title="bbox 2082 4622 2550 4825">
     <span class='ocr_line' id='line_1_54' title="bbox 2082 4622 2333 4707; baseline 0.012 -21"><span class='ocrx_word' id='word_1_202' title='bbox 2082 4622 2333 4707; x_wconf 87' lang='lat' dir='ltr'><strong>ineipes</strong></span> 
     </span>
     <span class='ocr_line' id='line_1_55' title="bbox 2515 4774 2550 4825; baseline 0 0"><span class='ocrx_word' id='word_1_203' title='bbox 2515 4774 2550 4825; x_wconf 81' lang='lat' dir='ltr'><strong>e</strong></span> 
     </span>
    </p>
   </div>
   <div class='ocr_carea' id='block_1_13' title="bbox 2821 645 2944 711">
    <p class='ocr_par' dir='ltr' id='par_1_20' title="bbox 2821 645 2944 711">
     <span class='ocr_line' id='line_1_56' title="bbox 2821 645 2944 711; baseline -0.008 0"><span class='ocrx_word' id='word_1_204' title='bbox 2821 645 2944 711; x_wconf 85' lang='lat'><strong>113</strong></span> 
     </span>
    </p>
   </div>
  </div>
 </body>
</html>
