3634 5717
809 2106 890 2169 10

1908 683 2181 748 MtC3

968 887 1197 970 fugere
1241 886 1327 952 ab
1373 885 1471 952 ira
1517 887 1734 953 futura

971 1039 1170 1105 facite
1209 1059 1368 1123 ergo
1412 1038 1624 1104 fruetn

972 1190 1181 1275 dignfi
1230 1190 1634 1275 paenitentiae
1683 1198 1748 1258 et
1789 1212 1871 1257 ne

968 1342 1188 1409 uelitis
1234 1342 1453 1409 dicere
1499 1342 1674 1410 intra
1716 1363 1834 1410 uos

968 1502 1156 1577 patre
1200 1495 1517 1562 habemus
1556 1496 1806 1562 abraha

969 1647 1118 1713 dieo
1165 1620 1572 1714 enim-uobis
1620 1647 1774 1732 quia
1818 1668 1903 1732 po

973 1806 1121 1865 tens
1166 1806 1268 1865 est
1311 1799 1389 1865 ‹15
1433 1798 1518 1865 de
1561 1799 1834 1883 lapidib'

973 1950 1118 2015 istis
1164 1950 1481 2017 suscitare
1527 1951 1698 2019 filios

973 2100 1263 2169 abrahae
1309 2103 1442 2170 iam
1484 2104 1658 2172 enim
1703 2124 1779 2170 se

972 2255 1144 2322 euris
1191 2255 1273 2322 ad
1323 2256 1545 2324 radice
1594 2258 1831 2325 arborii

974 2407 1194 2492 posita
1238 2418 1339 2474 est
1382 2408 1596 2475 omnis
1643 2429 1803 2493 ergo

976 2561 1171 2626 arbor
1215 2580 1383 2644 qnae
1427 2582 1558 2627 non
1606 2561 1767 2627 facit
1810 2562 1951 2626 frve

976 2714 1047 2778 tfi
1095 2713 1269 2778 bomi
1317 2712 1656 2780 excidetur
1696 2722 1764 2780 et
1807 2712 1877 2778 in

808 2868 879 2931 11
973 2863 1129 2948 igne
1176 2862 1455 2930 mittitur
1498 2865 1642 2949 Ego
1689 2865 1798 2948 qvi

772 2953 841 2995 int
865 2949 913 2993 11

851 3001 874 3044 1

772 3066 845 3097 mr
868 3051 895 3095 4
981 3013 1063 3080 de
1109 3013 1370 3099 baptizo
1416 3034 1532 3082 uos
1577 3016 1645 3081 in
1693 3037 1866 3100 aqua

771 3105 817 3148 lo
843 3104 895 3147 10

772 3155 817 3201 io
843 3156 896 3199 12

821 4087 896 4150 12

779 4177 848 4216 mt
870 4172 923 4215 12
968 4183 973 4188 ·

778 4276 823 4319 lo
847 4223 897 4318 151

981 3166 1047 3232 in
1098 3166 1509 3251 paenitentia
1553 3167 1661 3251 qui
1708 3174 1858 3235 aute

978 3323 1128 3401 poet
1171 3337 1274 3383 me
1317 3326 1626 3386 uenturus
1671 3328 1772 3386 est

979 3470 1210 3535 fortior
1255 3491 1359 3537 me
1405 3478 1505 3537 est
1547 3473 1729 3539 euius
1776 3494 1908 3539 non

978 3623 1056 3687 sn
1104 3622 1345 3708 dignus
1389 3624 1826 3693 calciamenta

981 3781 1245 3859 portare
1290 3776 1435 3861 ipse
1478 3796 1599 3843 uos
1644 3778 1773 3862 bap

981 3929 1210 3995 tizabit
1253 3928 1320 3993 in
1365 3939 1490 4012 spii
1534 3941 1646 3996 ses>
1692 3936 1759 3996 et
1802 3928 1943 4013 igni

983 4081 1182 4147 Cuius
1227 4080 1599 4148 uentilabrfi
1644 4080 1710 4145 in

986 4254 1181 4299 manu
1223 4252 1344 4299 sua
1381 4239 1448 4300 et
1492 4253 1762 4317 perman

984 4379 1169 4450 dabit
1213 4389 1369 4450 aree
1410 4403 1595 4450 suam
1639 4390 1705 4449 et
1748 4399 1857 4449 (ιοῃ

984 4534 1295 4619 gregabit
1337 4534 1558 4601 tritiefi
1605 4536 1727 4600 svfi
1774 4535 1840 4600 in

1156 4686 1391 4754 borreti

2131 1193 2210 1258 13

2090 1284 2159 1323 mt
2184 1279 2236 1322 13

2140 1329 2192 1373 10

2097 1637 2211 1728 ⁴14

2133 2262 2211 2327 15

2140 3025 2217 3089 16

2099 3115 2166 3153 mt
2193 3109 2243 3152 14

2094 3213 2218 3324 ΞἯ

2095 3327 2213 3431 Ἥτ

2294 886 2524 970 paleas
2571 890 2789 952 autem
2835 885 3045 951 eonbu

2296 1044 2395 1104 ret
2441 1035 2583 1120 igni
2629 1035 3118 1120 inextinguibili

2297 1190 2484 1255 Tune
2528 1187 2708 1255 uenit
2751 1188 2856 1253 ine
2901 1208 2944 1254 a
2983 1189 3119 1272 gali

2295 1344 2401 1409 lea
2448 1341 2514 1408 in
2560 1340 2880 1407 iordanen
2927 1340 3012 1407 ad
3057 1340 3122 1405 io

2296 1494 2515 1561 banne
2559 1500 2629 1559 ut
2672 1492 3116 1577 baptizaretur

2297 1648 2381 1714 ab
2426 1666 2504 1714 eo
2550 1644 2857 1712 iohannis
2903 1651 3053 1711 aute
3100 1665 3221 1729 pro

2295 1781 3047 1866 hffiwmefiffioeme

2298 1973 2383 2037 go
2429 1973 2473 2017 a.
2514 1958 2580 2017 te
2626 1950 2836 2016 debeo
2881 1949 3146 2033 baptiza

2299 2104 2354 2169 ri
2401 2110 2468 2170 et
2512 2111 2582 2169 tu
2626 2103 2813 2168 uenis
2855 2100 2938 2167 ad
2985 2121 3089 2167 me

2297 2254 2705 2340 respondens
2747 2260 2897 2320 aute

2299 2407 2403 2472 ihfi
2450 2406 2621 2473 dixit
2665 2405 2727 2472 ei
2771 2405 2917 2473 sine
2962 2406 3158 2472 modo

2299 2560 2396 2625 sie
2442 2570 2550 2625 eni
2598 2560 2787 2626 decet
2829 2578 2950 2624 nos
2994 2558 3084 2624 im

2301 2712 2482 2796 plere
2529 2667 2719 2776 emne
2763 2708 3014 2776 iustitis:

2302 2872 2456 2929 tune
2493 2861 2745 2930 dimisit
2788 2883 2932 2929 eum

2303 3015 2686 3099 Baptizatus
2733 3020 2884 3079 aute
2932 3013 3035 3079 ibe

2304 3167 2646 3233 confestim
2693 3165 2994 3233 aseendit

2304 3319 2387 3386 de
2432 3338 2606 3403 aqua
2652 3325 2718 3384 et
2759 3338 2913 3384 eeee
2959 3337 3121 3401 aper

2303 3471 2353 3538 ti
2400 3477 2552 3536 sunt
2598 3470 2658 3537 ei
2705 3468 2849 3536 eaeli
2894 3476 2962 3536 et
3006 3468 3177 3536 uidit

2302 3635 2443 3708 spffi
2492 3624 2561 3689 di
2606 3621 3052 3689 descendente

2303 3776 2471 3842 sieut
2509 3775 2813 3842 eolfibam
2860 3774 3013 3841 ueni

2303 3934 2531 3995 entem
2567 3948 2767 4012 super
2809 3946 2882 3994 se
2926 3932 2993 3992 et

2304 4099 2456 4146 eeee
2498 4100 2628 4145 uox
2672 4078 2756 4145 de
2800 4079 2981 4144 eaelis
3025 4078 3096 4143 di

2305 4251 2460 4297 eene
2503 4231 2613 4297 hie
2657 4242 2760 4297 est
2804 4230 2976 4296 filins
3023 4250 3128 4297 me

2302 4402 2378 4448 us
2423 4381 2703 4449 dilectus
2744 4383 2808 4447 in
2858 4402 2983 4465 quo

2303 4536 2470 4602 bene
2516 4535 2861 4622 eonplaeui
