3634 5717
380 679 500 744 Fol
543 679 630 744 94

388 882 599 947 Lucas
646 902 835 966 syrus
881 881 1229 948 anthiocen

252 1022 281 1035 ’
386 1036 477 1101 sis
521 1043 662 1102 arte
707 1035 999 1101 medicus
1038 1035 1141 1101 dis

388 1187 641 1272 cipulus
688 1188 1067 1272 apostulorfi
1147 1227 1157 1239 -

387 1346 620 1424 postea
663 1340 864 1424 paulfi
911 1360 1062 1406 secu

390 1498 492 1557 tus
537 1492 674 1575 usq'
719 1492 805 1559 ad
824 1455 1073 1558 Nconfes

389 1642 573 1708 sione
619 1643 760 1710 eius
804 1644 1098 1710 seruiens

390 1793 522 1860 dno
567 1794 711 1862 sine
755 1796 1028 1862 crimine

390 1952 477 2013 ni
522 1949 664 2032 neq'
707 1960 909 2015 uxore
954 1960 1194 2032 umqvfi

391 2099 642 2167 habens
687 2102 830 2184 neq'
875 2101 1047 2166 filios

393 2222 817 2336 septuaginta
859 2260 928 2321 et
971 2260 1127 2338 qvat

396 2410 542 2468 tuor
586 2408 838 2470 annorfi
885 2405 1049 2472 obiit

394 2557 461 2621 in
501 2556 814 2624 bethania
859 2559 1090 2644 plenus

395 2710 520 2795 spfi
566 2721 676 2777 sce
722 2713 833 2795 qui
879 2722 958 2777 cn
1004 2711 1134 2778 iam

395 2861 643 2947 scripta
687 2871 907 2929 essent
951 2884 1117 2930 enan

280 3078 287 3084 .
362 2999 578 3100 vgelia
624 3037 740 3100 per
783 3017 1076 3082 matthe?

396 3168 593 3258 quiqe
639 3168 706 3233 in
753 3152 1128 3253 iudaea'per

396 3330 620 3387 maren
668 3325 819 3386 aute
865 3320 932 3385 in
979 3319 1171 3386 italia

397 3483 508 3539 scs)
554 3472 915 3557 instigante
956 3482 1082 3557 spfl

396 3625 463 3689 in
510 3624 785 3690 achaiae
828 3624 1062 3707 partib'
1107 3624 1231 3690 hoc

380 3754 664 3861 ‘scripsit
708 3775 1057 3859 euangeliv

388 3894 782 4013 significans
829 3927 963 3993 eti&
1006 3928 1075 4012 ip

396 4100 468 4146 se
511 4081 579 4145 in
627 4079 954 4165 principio
1001 4087 1154 4147 ante

396 4232 533 4298 alia
576 4251 721 4296 esse
766 4230 1101 4315 descripta

1711 883 1922 949 euicui
1969 856 2169 950 extra*
2200 903 2281 949 ea
2325 903 2466 967 quae
2512 901 2585 945 or

1712 1036 1795 1101 do
1842 1035 2246 1121 euangelicae
2292 1033 2542 1119 disposi

1711 1187 1911 1254 tionis
1958 1188 2255 1271 exposcit
2298 1209 2379 1253 ea
2423 1207 2576 1252 max

1713 1339 1843 1405 ime
1886 1288 2243 1406 necessitas
2286 1295 2438 1406 lsbo

1712 1491 1803 1556 ris
1849 1492 1971 1557 fuit
2016 1499 2088 1556 ut
2129 1493 2343 1577 primfi
2391 1513 2508 1577 gre

1716 1644 1809 1709 cis
1857 1643 2101 1709 fidelib'
2145 1645 2322 1710 omni
2369 1666 2487 1729 pro

1717 1795 2099 1879 phetatione
2145 1798 2401 1863 uenturi

1717 1948 1785 2012 in
1831 1961 2026 2014 carne
2074 1949 2142 2014 di
2189 1960 2302 2033 xpi
2351 1951 2630 2017 manifes

1715 2106 1786 2165 ta
1830 2070 2201 2166 burnanitas
2247 2101 2391 2183 neq'
2436 2101 2501 2166 iu

1717 2250 1927 2318 (iaicis
1972 2252 2211 2318 fabulis
2257 2260 2437 2319 atten

1718 2404 1768 2468 ti
1814 2404 1883 2468 in
1925 2404 2065 2470 solo
2111 2405 2282 2489 legis
2327 2405 2468 2472 desi

1721 2554 1904 2621 derio
1954 2564 2328 2623 tenerentur

1719 2729 1801 2773 ne
1850 2709 1951 2774 uel
1999 2709 2306 2776 hereticis
2351 2711 2420 2775 fa

1716 2861 1889 2926 bulis
1936 2870 2001 2927 et
2044 2861 2261 2928 stultis
2306 2863 2402 2927 sol

1714 3012 2127 3080 licitationib’
2171 3014 2371 3082 seduc

1718 3166 1768 3230 ti
1817 3165 2215 3232 excederent
2260 3188 2301 3231 a
2347 3168 2481 3232 ueri

1720 3324 1857 3383 tate
1905 3318 2198 3384 elaboret
2242 3319 2324 3386 de
2367 3320 2433 3383 hi

1722 3489 1802 3534 nc
1847 3476 1917 3534 ut
1962 3468 2027 3533 in
2076 3469 2401 3554 principio
2447 3491 2484 3536 e

1724 3621 2018 3703 nangelii
2063 3621 2369 3687 iohannis

1700 3774 2073 3855 ‘natiuitate
2118 3775 2380 3858 praesfip

1724 3935 1792 3991 ta
1839 3926 1940 3991 cui
1989 3926 2338 4010 euangelifl
2386 3926 2511 3992 scri

1722 4079 1908 4145 beret
1952 4078 2277 4144 indicaret

1726 4237 2102 4295 contestans
2150 4230 2215 4293 in
2263 4250 2334 4294 se

2813 677 2933 742 185
