3634 5717
698 654 816 718 142

728 1619 843 1711 32⁴

728 1923 811 1987 33

733 3737 817 3800 35

1820 652 2099 718 Mrcss

898 874 1189 921 seorsum
1235 856 1445 921 locum
1494 862 1560 923 et
1602 876 1673 921 re
2045 859 2129 922 36

898 1006 1214 1090 quiescite
1259 1009 1564 1092 pusillum
1612 1016 1800 1074 erant

898 1160 1071 1225 enim
1120 1159 1386 1243 quidam
1432 1168 1660 1226 euntes
1706 1166 1773 1225 et

899 1311 1248 1377 redeuntes
1295 1318 1362 1377 et
1406 1332 1526 1378 nee
1571 1332 1719 1377 man

900 1463 1183 1530 ducandi
1244 1464 1529 1548 spatium
1585 1464 1917 1531 habebant
2049 1469 2131 1533 37

900 1617 984 1681 Et
1027 1613 1461 1681 ascendentes
1504 1616 1572 1679 in
1618 1637 1706 1681 na

905 1766 967 1832 ui
1013 1767 1316 1832 abierunt
1360 1767 1422 1830 in
1471 1768 1735 1835 desertfi

901 1919 1047 1983 loefi
1079 1936 1386 2018 *seorsum
1429 1925 1494 1984 et
1538 1920 1690 1987 uide

902 2077 1052 2135 runt
1093 2089 1208 2136 eos
1253 2070 1571 2137 abeuntes
1615 2079 1682 2138 et

902 2229 1349 2308 cognouerunt
1392 2224 1576 2289 multi

902 2382 967 2440 et
1012 2376 1352 2460 pedestres
1397 2375 1480 2441 de
1525 2378 1703 2441 omni

901 2528 959 2591 b'
1004 2527 1318 2594 ciuitatib'
1364 2535 1431 2592 et
1474 2544 1714 2594 eoneur
2050 2522 2133 2585 38

903 2687 1124 2745 rerunt
1167 2680 1323 2745 illue
1365 2688 1432 2745 et
1480 2700 1678 2764 preue

905 2837 1140 2895 nerunt
1184 2851 1297 2896 eos

904 2981 1062 3048 Cum
1111 3003 1266 3048 uero
1305 2983 1607 3049 uidisset*

904 3133 1006 3198 ihs
1044 3134 1235 3199 turbu
1280 3135 1581 3201 misertus
1623 3143 1725 3201 est

904 3284 1037 3349 illis
1080 3286 1237 3368 quia
1280 3294 1468 3352 erant
1506 3287 1674 3353 sieut
1718 3309 1757 3351 ο

904 3456 1020 3503 ues
1066 3458 1195 3503 non
1241 3437 1558 3506 habentes
1604 3461 1725 3525 pas
2052 3437 2136 3500 39

904 3595 1110 3655 torem
1156 3590 1240 3655 Et
1282 3592 1502 3676 eoepit
1545 3592 1630 3658 do

904 3761 1053 3807 cere
1094 3741 1245 3807 illos
1292 3745 1496 3809 multa
1540 3751 1607 3809 et
1650 3744 1730 3808 efi

908 3893 1036 3958 iam
1083 3892 1283 3959 horae
1326 3894 1569 3960 multae
1617 3895 1700 3960 fie

904 4052 1049 4109 rent
1093 4052 1512 4111 accesserunt
1553 4045 1639 4111 ad
2052 4042 2140 4105 40

905 4197 988 4260 eu
1032 4194 1342 4279 discipuli
1387 4196 1528 4263 eius
1572 4195 1760 4262 dicen

905 4355 1004 4411 tes
1048 4346 1344 4412 desertus
1388 4349 1570 4414 loeus
1614 4356 1715 4414 est

830 4598 839 4607 ἡ
906 4499 1012 4565 hie
1053 4505 1120 4565 et
1166 4501 1328 4566 hora
1372 4499 1505 4565 iam
1551 4508 1736 4584 prete
2049 4500 2124 4564 41

1316 4651 1427 4717 riit

2217 855 2489 923 demitte
2536 856 2689 922 illos
2734 861 2805 920 ut
2852 874 2975 920 eun

2218 1016 2318 1075 tes
2363 1009 2430 1073 in
2478 1008 2815 1093 proximas
2860 1006 2950 1072 uil
3036 1063 3054 1071 -

2220 1161 2320 1225 las
2363 1169 2429 1226 et
2472 1160 2749 1226 castella
2792 1179 2942 1224 ema

2224 1319 2297 1376 nt
2339 1311 2466 1378 sibi
2511 1311 2684 1395 quod
2725 1309 2968 1376 mandv

2221 1470 2371 1529 eeut
2414 1470 2482 1530 et
2522 1461 2851 1548 responde

2223 1635 2300 1680 ns
2345 1615 2440 1681 ait
2484 1615 2618 1681 inis
2663 1616 2820 1681 date
2866 1614 3000 1679 iuis

2221 1786 2341 1832 uos
2385 1767 2785 1833 manducare
2830 1772 2897 1831 et

2223 1918 2528 1983 dixerunt
2572 1918 2635 1984 ei
2682 1925 2911 1984 euntes

2222 2090 2513 2135 emamus
2559 2070 2692 2135 illis
2737 2090 2945 2155 panes

2224 2222 2584 2288 ducentorfi
2630 2222 2858 2288 denari

2224 2394 2404 2439 orum
2453 2380 2519 2439 et
2562 2372 2864 2439 dabimus
2909 2374 2956 2438 il

2220 2525 2304 2589 lis
2351 2526 2746 2591 manducare
2792 2533 2857 2592 et

2225 2677 2321 2742 ait
2365 2676 2498 2740 illis
2543 2683 2701 2759 quot
2747 2696 2951 2761 panes

2224 2828 2482 2896 habetis
2529 2828 2620 2895 ite
2663 2834 2730 2895 et
2774 2828 2927 2894 uide

2225 2988 2291 3047 te
2335 2986 2401 3046 et
2444 2982 2524 3046 efi
2563 2981 2881 3065 cog-nouis

2222 3139 2372 3199 sent
2414 3132 2639 3198 dieunt
2684 3133 2746 3199 ei
2791 3133 2946 3216 quin
3049 3178 3055 3182 -

2221 3286 2279 3369 q'
2323 3304 2530 3369 panes
2570 3291 2637 3351 et
2678 3285 2842 3351 duos
2882 3285 2987 3369 pis

2225 3457 2333 3504 ees
2378 3443 2444 3502 et
2489 3436 2804 3521 praeeepit
2841 3437 2888 3501 il

2222 3589 2306 3653 lis
2351 3594 2422 3654 ut
2464 3587 2949 3655 discumberent

2225 3759 2451 3806 omnes
2495 3759 2614 3825 per
2655 3747 2850 3806 contu

2226 3892 2457 3958 bernia
2497 3912 2696 3976 super
2739 3890 2950 3958 uiride

2225 4044 2380 4109 senti
2428 4051 2493 4109 et
2538 4043 2852 4110 discubue

2228 4202 2376 4261 runt
2419 4197 2486 4262 in
2535 4204 2757 4280 partes
2802 4216 2921 4280 per

2226 4354 2537 4413 centenos
2583 4354 2651 4413 et
2697 4369 2813 4432 per
2857 4349 3009 4431 quin

2221 4519 2559 4582 quagenos
2606 4506 2673 4565 et
2716 4520 2919 4583 aeeep

2227 4651 2312 4716 tis
2359 4651 2576 4735 quinq'
2622 4650 2839 4735 panib'
