3634 5717
743 665 826 730 88
1837 664 1931 729 Mt
1973 663 2023 728 O
2068 667 2146 730 21
2195 667 2278 729 22

951 865 1124 948 quod
1170 865 1253 932 de
1298 865 1461 948 ipsis
1507 865 1757 933 diceret
1869 870 1882 881 ‘
2272 873 2621 933 tenuerunt
2662 886 2889 934 seruos

780 1022 865 1086 46
952 1023 1019 1084 et
1057 1024 1422 1100 quaerentes
1467 1037 1613 1083 eum
1660 1024 1726 1084 te
2272 1002 2412 1084 eius
2458 1025 2525 1084 et
2567 1018 2981 1119 contumeliis

952 1188 1109 1235 nere
1154 1168 1418 1235 timaei-t
1460 1170 1683 1236 turbas
2273 1169 2570 1236 adfectos
2615 1170 2907 1236 oeeideit

954 1332 1081 1404 que
1122 1321 1294 1386 sieut
1338 1342 1454 1405 pro
1499 1321 1752 1406 prophe
2148 1320 2184 1384 7
2273 1342 2392 1388 rex
2436 1284 2600 1388 aute*
2632 1343 2776 1390 evm
2822 1322 3013 1389 audis

752 1471 908 1546 022
953 1481 1022 1538 te,
1064 1475 1148 1539 eii
1196 1472 1527 1538 habebant
1566 1474 1651 1538 Et
1693 1493 1798 1539 res
2276 1481 2379 1539 set
2421 1473 2627 1539 iratus
2674 1480 2773 1539 est
2819 1482 2886 1540 et
2928 1474 3054 1539 mis

752 1566 921 1711 ἰιῗξῗ
956 1624 1254 1708 pendens
1301 1624 1404 1689 ihe
1450 1624 1620 1690 dixit
2276 1626 2368 1692 8ἰ8
2415 1624 2746 1692 exercitib'
2788 1624 2926 1691 suis

904 1796 911 1803 ·
955 1775 1125 1840 iteru
1170 1774 1236 1839 in
1284 1775 1618 1859 parabolis
2278 1776 2570 1863 perdidit
2610 1776 2977 1843 homicidas

827 1923 868 1984 2
956 1926 1052 1992 eis
1097 1926 1324 1993 dieens
1368 1926 1584 1993 simile
1630 1916 1731 1993 est
2276 1930 2495 2013 innan]
2540 1935 2608 1995 et
2649 1928 2918 1994 ciuitate
2961 1946 3042 1994 eo

958 2080 1166 2162 regnu
1213 2079 1517 2144 eaelorum
1562 2078 1646 2144 ho
2129 2078 2194 2185 ‘8
2279 2093 2356 2146 ru
2402 2080 2729 2148 sveoendit
2770 2086 2927 2146 tune
2969 2101 3011 2145 a

959 2182 1119 2295 [nini
1165 2231 1306 2314 regi
1351 2230 1463 2314 qui
1505 2230 1662 2297 feeit
2282 2234 2334 2298 it
2378 2232 2587 2299 seruis
2632 2231 2768 2298 suis
2812 2251 2947 2316 nup

828 2381 868 2444 3
957 2382 1221 2469 nuptias
1272 2383 1409 2450 filio
1446 2402 1563 2449 800
1609 2389 1676 2449 et
2284 2385 2395 2450 tiae
2439 2384 2636 2467 quide
2682 2390 2934 2469 paratae
2970 2391 3122 2449 svnt

958 2534 1138 2602 misit
1179 2550 1392 2601 seru⁰s
1435 2553 1588 2602 suos
1638 2552 1710 2599 νυ
2284 2536 2404 2602 sed
2451 2535 2562 2620 qvi
2604 2534 2869 2601 inuitati
2915 2541 3104 2601 erant

960 2707 1111 2753 eare
1157 2686 1477 2753 inuitatos
1521 2685 1607 2753 ad
1651 2707 1784 2771 nup
2225 2707 2254 2749 ·.
2284 2709 2416 2755 non
2462 2689 2723 2753 fverunt
2765 2686 2955 2772 digni

958 2838 1086 2905 tias
1131 2844 1200 2905 et
1241 2839 1590 2904 noluerunt
1631 2857 1711 2903 ue
2145 2843 2194 2907 9
2282 2840 2372 2906 ite
2419 2858 2579 2923 ergo
2624 2837 2713 2905 ad
2756 2838 2972 2905 exitus
3015 2838 3178 2924 ui[a]

830 2994 870 3055 4
959 2990 1100 3056 nire
1133 2990 1312 3055 Iterfi
1358 2988 1538 3054 misit
1580 2988 1669 3054 ali
2283 3001 2360 3056 ru
2407 2997 2475 3056 et
2518 2992 2822 3074 quosevq'
2868 2991 3021 3057 inue

961 3161 1033 3208 08
1079 3161 1303 3207 seruos
1349 3141 1575 3206 dicens
2284 3142 2513 3209 neritis
2557 3149 2789 3209 uocate
2835 3141 2921 3207 ad

960 3290 1161 3358 dicite
1205 3292 1503 3360 inuitatis
1548 3312 1701 3360 ecee
2119 3283 2198 3347 10
2284 3292 2547 3377 nuptias
2593 3300 2661 3359 et
2703 3292 2955 3378 egressi

964 3443 1247 3549 prandit]
1294 3445 1444 3511 meu
1490 3443 1721 3528 paravi
2283 3445 2458 3510 serui
2503 3445 2644 3510 eius
2690 3444 2758 3510 in
2801 3445 2947 3512 uiae
2992 3464 3116 3511 eon

962 3595 1132 3660 tauri
1174 3596 1304 3660 mei
1350 3602 1418 3663 et
1460 3557 1676 3663 ultilia
1718 3616 1798 3663 00
2283 3605 2727 3682 gregauerunt
2770 3616 2997 3664 omnes

961 3746 1102 3813 eisa
1143 3754 1210 3814 et
1253 3749 1475 3815 omnia
1517 3756 1754 3833 parata
2282 3769 2445 3833 quos
2489 3751 2973 3835 i¹¹uenerunte[!]

962 3905 1115 3963 sunt
1164 3901 1371 3965 u‘nite
1416 3898 1504 3965 ad
1549 3900 1735 3984 nupti
2282 3903 2489 3968 bonos
2532 3908 2601 3969 et
2644 3902 2855 3968 malos
2900 3909 2967 3969 et
3013 3900 3199 3986 inple

832 4058 874 4123 5
961 4070 1035 4116 as
1080 4049 1177 4114 illi
1222 4058 1373 4116 aute
1419 4052 1658 4135 neglex
1825 4142 1834 4147 Β
2282 4062 2366 4120 tae
2412 4061 2562 4120 sunt
2606 4055 2877 4139 nuptiae
2922 4054 3025 4120 dis

960 4208 1149 4267 erunt
1192 4208 1258 4267 et
1301 4201 1603 4267 abierunt
2116 4226 2189 4291 11
2284 4205 2655 4272 eumbentiir
2700 4206 2885 4273 Intra

959 4351 1128 4417 alius
1175 4351 1241 4416 in
1289 4352 1450 4417 uilla
1493 4364 1612 4418 sua
1654 4377 1697 4422 a
2080 4311 2251 4405 ”¹3⁰2OE
2285 4359 2382 4424 uit
2426 4364 2576 4424 aute
2621 4378 2740 4424 rex
2781 4364 2854 4424 ut
2895 4358 3050 4425 uide

958 4502 1084 4568 lius
1128 4503 1196 4568 in
1245 4504 1679 4588 negotiatione
2285 4516 2386 4577 ret
2430 4510 2853 4578 disefibentes
2897 4517 2964 4577 et

829 4658 869 4721 6
955 4666 1074 4720 sua
1116 4656 1353 4739 reliqui
1396 4677 1551 4724 uero
1975 4662 2033 4729 U
2285 4663 2452 4729 uidit
2495 4663 2586 4729 ibi
2633 4662 2895 4731 homine
