3634 5717
396 635 518 703 Fol
566 634 688 702 103
902 619 913 629 ’
1544 636 1637 703 Le
1679 634 1731 702 G
1772 635 1826 718 3·

397 837 449 903 C
492 836 534 902 3
599 837 792 902 Anno
836 841 1054 903 antem
1102 834 1328 919 quinto

397 921 513 967 1315

399 974 505 1067 leb1

1913 837 2020 906 iae
2066 835 2448 923 prophetae.
2488 850 2621 898 uox

608 986 863 1054 deeimo
908 985 1170 1072 imperii
1211 987 1344 1054 tibe
1917 989 2265 1057 clamantis
2312 986 2382 1053 in
2428 984 2621 1052 deser

398 1075 543 1120 mtffl

396 1126 521 1172 ιτα-2

604 1140 688 1207 rii
732 1137 997 1206 eaesaris
1040 1159 1363 1224 proeuran

602 1299 667 1360 te
712 1291 941 1378 pontio
986 1291 1194 1376 pilato
1239 1291 1393 1362 iude
1478 1269 1485 1277 ’

601 1465 680 1514 ae
725 1443 1071 1512 tethareha
1113 1448 1265 1510 aute

602 1596 865 1682 galileae
907 1586 1153 1663 herode
1196 1596 1408 1682 philip

602 1769 687 1836 po
732 1728 792 1815 li'
837 1749 1037 1818 fratre
1081 1749 1222 1817 eius
1262 1756 1328 1818 te

603 1902 835 1969 tareha
879 1902 1066 1969 iturae
1109 1908 1178 1968 et
1218 1908 1323 1969 tra

605 2052 914 2121 eonitidis
957 2053 1248 2139 regionis
1291 2060 1360 2121 et

606 2206 870 2292 lysania
912 2206 1234 2275 abilenae.
1280 2212 1345 2273 te

607 2359 833 2426 tareha
874 2359 997 2426 snb
1041 2358 1251 2444 prinei

604 2509 734 2596 pib'
777 2510 1124 2580 saeerdotfi
1169 2517 1345 2579 anna

606 2670 672 2731 et
715 2662 970 2749 caipha.
1015 2663 1195 2731 faetfi
1242 2670 1344 2731 est

605 2816 807 2884 uerbfi
851 2816 968 2882 dni
1011 2835 1209 2901 super
1252 2818 1317 2885 io

602 2968 866 3036 hannen
908 2967 1229 3037 zaehariae

602 3119 744 3186 filin
787 3118 854 3186 in
901 3120 1162 3189 deserto

604 3273 689 3340 Et
726 3272 911 3340 uenit
947 3272 1016 3339 in
1062 3285 1253 3342 omne

608 3425 881 3512 regione
925 3425 1219 3495 iordanis

609 3579 979 3665 praedicans
1021 3580 1243 3666 baptis

609 3734 721 3798 mfi
764 3695 1192 3818 paenitentiae
1234 3732 1304 3800 in

560 3960 568 3968 ‚
610 3884 996 3953 remissione
1040 3904 1244 3972 peeea

480 4039 524 4105 4
608 4039 754 4106 torn
798 4037 968 4105 sieut
1009 4038 1254 4123 seriptis

612 4197 712 4257 est
756 4191 822 4257 in
868 4190 1036 4258 libro
1080 4192 1280 4260 uerbo

878 4345 956 4409 τῇ
1002 4363 1119 4412 esa

1707 2906 1753 2949 le
1776 2907 1803 2949 8

1709 3010 1779 3052 int
1803 3006 1855 3050 10

1917 1149 1985 1209 to
2030 1146 2260 1227 parate
2303 1138 2482 1205 uiam
2527 1136 2643 1202 dni

1918 1252 2130 1362 reciae
2174 1292 2373 1359 facite
2416 1289 2582 1357 semi

1918 1452 2020 1514 tas
2063 1446 2204 1512 eius
2251 1443 2462 1511 omnis
2509 1442 2618 1507 nal

1913 1599 2010 1674 lis-
2043 1594 2419 1682 implebitur

1831 1816 1852 1836 ,
1913 1758 1982 1819 et
2025 1748 2236 1817 omnis
2280 1766 2468 1815 mons
2514 1751 2579 1813 et

1914 1902 2102 1971 collis
2146 1900 2490 1967 humiliabi

1915 2063 2019 2122 tur
2062 2059 2130 2121 et
2168 2057 2355 2120 erunt
2397 2070 2604 2138 prava

1916 2208 1983 2274 in
2030 2206 2282 2273 direeta
2322 2209 2391 2271 et
2433 2221 2594 2287 aspe

1915 2381 1991 2427 ra
2034 2359 2102 2424 in
2149 2357 2294 2425 nias
2338 2357 2574 2441 planas
2620 2359 2687 2420 et

1917 2510 2168 2580 uidebit
2210 2508 2424 2577 omnis
2469 2528 2548 2575 ea

1915 2686 1987 2732 ro
2038 2665 2392 2732 salutarem
2439 2659 2507 2727 di
2539 2680 2548 2688 ·

1919 2818 2199 2886 Dieebat
2242 2780 2401 2901 ergo
2446 2812 2532 2881 ad

1916 2972 2138 3041 turbas
2185 2989 2328 3054 quae

1914 3124 2226 3195 exiebant
2261 3127 2335 3189 ut
2377 3122 2507 3207 bap

1917 3278 2270 3344 tizarentur
2314 3275 2399 3340 ab

1913 3429 2061 3515 ipso
2106 3426 2445 3513 genimina

1915 3581 2290 3666 uiperarum
2333 3577 2478 3662 quis

1919 3730 2208 3801 ostendit
2248 3729 2436 3801 uobis

1922 3886 2150 3971 fugere

1794 4038 1834 4103 8
1921 4040 2006 4107 ab
2050 4038 2151 4104 ira
2194 4043 2471 4105 uentura
2513 4036 2583 4102 fa

1922 4190 2049 4258 cite
2093 4210 2252 4277 ergo
2298 4191 2539 4259 fruetus
