3634 5717
369 718 486 781 Fol
530 718 609 783 41

576 919 684 1002 qui
731 918 887 984 feeit
932 919 1016 984 ab
1061 917 1248 983 initio
1296 938 1435 984 mas

577 1069 727 1135 eulu
773 1075 838 1135 et
883 1068 1192 1134 feminam
1243 1070 1306 1136 fe

582 1221 672 1287 eit
714 1240 828 1286 eos
875 1225 940 1285 et
985 1218 1153 1285 dixit
1197 1240 1361 1305 prop

578 1377 680 1436 ter
720 1371 846 1436 hoe
889 1370 1213 1454 relinquet
1256 1372 1341 1438 ho

578 1542 684 1587 mo
731 1527 919 1606 patre
966 1527 1032 1587 et
1076 1529 1281 1588 matre

580 1678 645 1737 et
691 1669 1109 1756 ad[hae]rebit
1152 1676 1340 1741 uxori
1384 1698 1460 1744 su

578 1843 658 1889 ae
713 1828 778 1889 et
818 1829 1007 1889 erunt
1051 1823 1179 1890 duo
1225 1826 1291 1891 in

469 1966 483 1982 ⁸
576 1994 771 2040 earne
818 1994 950 2039 uua
993 1974 1146 2058 itaq'
1192 1975 1321 2042 iam

579 2146 704 2190 uon
751 2131 903 2191 sunt
943 2125 1072 2191 duo
1116 2128 1233 2193 sed
1282 2149 1321 2195 u

580 2298 666 2342 ua
709 2298 861 2345 earo
907 2276 1080 2360 quod
1127 2298 1285 2365 ergo

579 2427 657 2492 de
704 2426 1041 2493 coniunxit
1084 2427 1278 2495 homo

581 2598 706 2643 uon
755 2585 1019 2662 separet
1063 2579 1289 2647 dieunt

578 2728 679 2793 illi
724 2727 880 2809 quid
925 2749 1083 2814 ergo
1125 2751 1277 2816 moy

581 2898 687 2944 ses
732 2877 1076 2947 mandauit
1118 2878 1263 2948 dari

516 3094 529 3105 ,
579 3028 679 3093 illi
728 3030 956 3098 libelle
1000 3032 1259 3117 repudii

582 3186 648 3246 et
693 3179 1025 3249 dimittere
1069 3184 1166 3249 ait
1210 3184 1256 3249 il

578 3330 659 3396 lis
705 3343 830 3414 qus)
877 3353 1091 3400 moses
1136 3334 1223 3400 ad

578 3483 819 3548 duritia
862 3483 1080 3550 cordis
1126 3505 1240 3552 ues

579 3633 665 3698 tri
708 3633 1011 3717 permisit
1053 3636 1240 3703 uobis

578 3778 908 3851 dimittere
951 3805 1186 3853 uxores

579 3939 831 4001 uestras
877 3936 962 4002 ab
1006 3936 1194 4003 initio

579 4091 729 4152 aute
775 4064 905 4152 nou
951 4082 1074 4152 fuit
1113 4088 1210 4155 sie

423 4235 538 4363 391
573 4236 739 4303 Dico
784 4243 1001 4304 autem
1043 4238 1230 4305 uobis

374 4332 420 4362 m

238 4380 249 4397 ’
372 4420 546 4515 ἴξιιέἒ
580 4388 736 4472 quia
780 4388 1035 4472 quieuq'
1079 4390 1241 4456 dimi

575 4539 737 4605 serit
778 4558 1044 4606 uxorem
1086 4560 1270 4609 suam

577 4691 707 4757 nisi
750 4693 834 4757 ob
879 4703 1077 4758 eausa
1121 4692 1290 4759 sorni

1478 716 1783 781 Mt019

1730 1368 1806 1432 10

1690 1456 1758 1496 mt
1784 1453 1861 1496 192

1740 1503 1792 1546 10

1724 1981 1790 2043 11

1730 2420 1807 2481 12

1894 915 2173 982 cationis
2215 922 2283 979 et
2327 913 2523 980 aliam
2570 912 2702 977 dux

1894 1065 2020 1132 erit
2063 1067 2428 1131 moechatur
2472 1072 2539 1130 et
2582 1064 2689 1147 qvi

1894 1216 2168 1282 dimissu
2210 1213 2468 1281 duxerit
2507 1232 2639 1303 mog·

1894 1368 2125 1434 ebatur
2166 1368 2410 1433 Dicunt
2452 1367 2513 1434 ei
2560 1367 2663 1433 dis

1896 1475 2098 1603 cipuli
2143 1517 2284 1584 eius
2329 1517 2387 1583 si
2434 1517 2530 1585 ita
2571 1524 2671 1584 est

1899 1689 2100 1736 eausa
2139 1669 2264 1735 uiri
2311 1679 2391 1735 eu
2437 1688 2639 1736 uxore

1896 1841 2027 1887 nou
2073 1819 2344 1905 expedit
2388 1822 2630 1888 nubere

1895 1973 2005 2058 qui
2051 1973 2220 2039 dixit
2261 1992 2391 2037 nou
2438 1993 2664 2040 omues

1899 2124 2168 2208 eapiuut
2212 2124 2417 2188 uerbu
2463 2122 2635 2191 istud

1895 2276 2014 2342 sed
2059 2275 2230 2359 quib'
2275 2275 2435 2341 datu
2478 2283 2581 2342 eet

1897 2433 2049 2495 suut
2092 2438 2200 2494 eui
2246 2426 2524 2493 eunuchi
2570 2427 2680 2510 qvi

1898 2580 1983 2645 de
2028 2576 2254 2644 matris
2300 2582 2483 2643 utero
2527 2578 2624 2644 sic

1895 2729 2035 2795 nati
2078 2720 2230 2794 suut
2273 2733 2339 2794 et
2381 2735 2533 2794 sunt
2575 2748 2654 2795 eu

1894 2878 2090 2946 uuehi
2134 2879 2245 2962 qui
2291 2878 2447 2946 faeti
2501 2886 2652 2945 suut

1894 3032 1978 3096 ab
2020 3029 2332 3096 hominib'
2374 3036 2442 3097 et
2484 3038 2636 3097 suut

1893 3182 2172 3249 eunuehi
2218 3181 2329 3265 qui
2374 3201 2446 3249 se
2491 3182 2670 3266 ipsos

1893 3332 2487 3404 eunuchizaueruut

1892 3489 2159 3567 propter
2203 3494 2411 3567 regnu
2457 3486 2618 3550 eaelo

1891 3643 1969 3698 ru
2014 3633 2124 3717 qui
2169 3641 2387 3718 potest
2425 3653 2590 3718 cape

1893 3803 1965 3850 re
2008 3784 2231 3880 capiat

1721 3931 1799 3998 13
1888 3935 2073 4001 Tune
2117 3933 2320 4002 oblati
2362 3941 2514 4001 sunt
2556 3938 2618 4003 ei

1688 4014 1752 4059 Br
1775 4016 1827 4058 57

1690 4070 1757 4111 mt
1764 4068 1860 4161 2193

1686 4171 1861 4266 {¹3¹2}ssss

1891 4085 2149 4171 paruuli
2195 4092 2264 4152 ut
2307 4108 2538 4154 manus
2583 4089 2680 4157 eis

1892 4237 2241 4323 inponeret
2283 4245 2349 4305 et
2392 4247 2609 4307 oraret

1797 4420 1801 4426 ·
1892 4388 2199 4474 discipuli
2246 4399 2395 4458 aute
2436 4393 2626 4477 prohi

1721 4550 1801 4614 14
1885 4542 2131 4610 bebaut
2174 4564 2287 4610 eos
2332 4544 2436 4609 ihe
2472 4565 2628 4612 uero

2195 4696 2290 4763 ait
2333 4694 2430 4762 eis

2822 708 2899 771 77
