3634 5717
719 590 844 689 232'

758 2201 840 2266 10

625 2314 632 2327 ,
719 2286 763 2329 ιο
788 2285 838 2329 91

718 2339 863 2432 mrssffl
923 2347 972 2413 li
1015 2353 1446 2415 narrauerunt
1488 2348 1590 2414 illi
1634 2357 1856 2433 quaee?

923 828 1080 911 quia
1124 830 1431 896 iohannis
1476 829 1760 896 surrexit

1860 628 2123 695 Lace

924 1004 966 1048 a
1010 983 1300 1048 mortuis,
1347 983 1404 1048 A
1450 982 1712 1066 quib'dii
1751 1002 1907 1050 uero

923 1134 1080 1230 quia
1123 1134 1336 1201 helias
1381 1134 1690 1220 apparuit
1734 1135 1818 1200 ab

923 1285 1074 1352 aliis
1121 1293 1272 1352 aute
1318 1285 1470 1371 quia
1506 1287 1834 1372 propheta

921 1456 1087 1503 unus
1134 1436 1216 1502 de
1261 1437 1551 1519 antiquis
1596 1458 1825 1503 surrex

924 1588 976 1653 it
1020 1596 1085 1654 et
1129 1588 1225 1655 ait
1268 1588 1546 1655 herodes
1592 1589 1791 1658 iehan

2049 1593 2126 1655 13

922 1747 1005 1805 ue
1050 1760 1176 1823 ego
1224 1740 1523 1809 decolaui
1569 1742 1715 1825 quis
1759 1750 1910 1808 aute

921 1897 1024 1959 est
1066 1890 1193 1958 iste
1237 1891 1322 1958 de
1366 1910 1497 1976 quo
1540 1893 1735 1960 audio
1777 1914 1903 1978 ego

921 2042 1087 2110 talia
1129 2048 1196 2109 et
1238 2045 1552 2127 querebat
1594 2043 1749 2127 uide

923 2217 994 2262 re
1041 2197 1142 2262 eu.
1188 2197 1272 2262 Et
1315 2197 1563 2263 reuersi
1608 2205 1842 2281 aposto

717 2504 783 2550 Br
808 2506 860 2551 25
926 2498 979 2582 q'
1028 2498 1322 2566 fecerunt
1359 2499 1442 2563 Et
1480 2499 1759 2584 adsump

716 2557 842 2601 1092

795 2609 822 2651 3

719 2660 789 2703 mt
814 2659 892 2704 146
926 2650 1010 2716 tis
1054 2651 1189 2717 illis
1234 2650 1508 2718 secessit
1545 2653 1773 2718 seorsfi

716 2710 762 2755 ἰο
787 2709 840 2755 47

757 2949 831 3012 11

759 3858 838 3923 12

719 3943 764 3986 10
790 3944 841 3987 93

924 2799 990 2865 in
1035 2801 1185 2867 locu
1231 2801 1495 2869 deserni
1539 2802 1712 2886 quod

924 2957 1024 3017 est
1067 2950 1416 3020 bethsaida
1460 2954 1633 3036 qvod
1677 2961 1754 3020 (117

925 3087 1391 3184 cognouisseht
1434 3105 1636 3171 turbae

924 3251 1131 3318 secuti
1175 3261 1327 3319 sunt
1371 3253 1490 3319 illu
1535 3261 1602 3322 et
1644 3276 1805 3323 exce

924 3402 1023 3486 pit
1067 3403 1217 3470 illos
1262 3412 1328 3471 et
1372 3405 1758 3490 loquebatur

924 3554 1057 3621 illis
1103 3554 1186 3622 de
1229 3548 1434 3640 reguo
1480 3560 1549 3624 di
1595 3565 1661 3627 et
1705 3580 1818 3627 eos

924 3706 1033 3789 qui
1079 3725 1239 3774 eura
1283 3708 1675 3795 indigebant

923 3857 1222 3926 sanabat.
1269 3859 1429 3926 Dies
1475 3869 1624 3927 aute
1671 3882 1787 3927 eoe

719 3994 890 4090 mt¹143
926 4017 1116 4093 perat
1160 4011 1494 4080 declinare
1539 4019 1604 4079 et
1647 4032 1727 4078 ae

721 4097 868 4140 ηαδ-1

715 4148 762 4192 io
787 4148 842 4192 49

926 4161 1234 4230 cedentes
1278 4178 1403 4229 ΧΠ.
1451 4165 1755 4231 dixerunt
1797 4164 1846 4229 il

2049 2802 2129 2867 14

2048 3564 2126 3629 15

2050 3866 2129 3930 16

2216 829 2265 895 li
2311 830 2585 898 demitte
2630 830 2853 897 turbas
2897 838 2969 895 ut
3013 849 3051 896 e

2215 987 2406 1049 untes
2453 982 2520 1048 in
2568 981 2846 1049 castella
2890 981 3084 1047 uillas

2181 1146 2187 1153 ·
2217 1136 2275 1218 q’
2321 1153 2465 1219 quae
2509 1134 2686 1202 eirea
2728 1140 2880 1200 sunt
2917 1132 3119 1199 dener

2217 1291 2362 1365 taut
2401 1291 2467 1352 et
2508 1285 2854 1352 inueniant
2897 1303 2968 1350 es

2217 1456 2329 1503 eas
2375 1437 2532 1520 quia
2574 1436 2683 1501 hie
2728 1435 2794 1502 iu
2840 1435 2985 1502 loeo
3031 1434 3115 1502 de

2214 1595 2388 1656 serto
2433 1608 2655 1655 sumus
2701 1588 2796 1655 ait
2841 1593 2993 1655 aute

2216 1741 2303 1808 ad
2347 1740 2497 1807 illos
2543 1759 2660 1806 uos
2706 1740 2862 1807 date
2904 1738 3037 1805 illie

2214 1892 2611 1962 manducare
2656 1897 2726 1957 at
2768 1890 2867 1957 illi
2913 1889 3029 1956 dix

2213 2051 2403 2112 eruut
2448 2063 2578 2110 uon
2622 2048 2776 2110 sunt
2820 2042 3007 2109 nobis

2217 2197 2495 2281 plusque
2539 2195 2757 2279 quinq'
2801 2214 3007 2280 panes

2214 2356 2280 2415 et
2325 2348 2487 2414 duos
2534 2347 2749 2431 pisces
2790 2346 2917 2413 uisi
2963 2346 3063 2412 sor

2213 2506 2279 2565 te
2324 2519 2443 2565 nos
2489 2519 2714 2566 eamus
2759 2504 2828 2565 et
2866 2519 3016 2565 ema

2215 2671 2358 2717 mus
2402 2651 2470 2716 iu
2518 2598 2709 2717 omue
2753 2650 2925 2717 haue
2969 2656 3072 2716 tur

2212 2803 2297 2868 be
2339 2822 2545 2869 escas.
2592 2809 2781 2868 eraut
2826 2807 2977 2868 aute

2214 2955 2350 3022 fere
2395 2953 2522 3020 uiri
2568 2955 2785 3039 quinq'
2829 2954 3016 3021 milia

2213 3107 2309 3172 ait
2353 3113 2504 3173 aute
2552 3105 2640 3174 ad
2684 3105 3044 3192 discipulos

2212 3277 2366 3325 suos
2412 3258 2612 3326 facite
2656 3259 2807 3326 illos
2851 3258 3035 3325 dise?

2212 3408 2367 3476 bere
2412 3430 2529 3493 per
2573 3410 2879 3478 conuiuia
2921 3409 3078 3494 quin

2213 3580 2551 3645 quageuos
2597 3566 2662 3627 et
2706 3562 2802 3628 ita
2845 3562 2985 3630 fece

2213 3718 2363 3779 runt
2407 3720 2473 3779 et
2516 3713 2862 3781 diseubere
2905 3715 2971 3780 se

2215 3870 2441 3931 cerunt
2474 3884 2701 3930 omnes
2744 3884 2945 3948 aeeep

2215 4015 2300 4081 tis
2347 4023 2497 4082 aute
2543 4016 2759 4101 quinq'
2805 4017 3021 4101 panib'

2217 4174 2282 4232 et
2326 4166 2514 4233 duob'
2561 4168 2788 4252 piscib'
2833 4188 3071 4255 respex

2213 4318 2264 4383 it
2301 4317 2367 4383 iu
2408 4321 2552 4386 celfi
