3634 5717
718 651 802 715 38

718 1308 797 1374 21

719 1914 803 1978 22

716 2522 800 2586 23

722 2609 789 2645 mt
812 2607 865 2646 70

891 871 1030 916 eres
1074 849 1243 916 eaeli
1290 850 1647 916 tabernaeu

892 1002 960 1069 la
1004 1002 1177 1068 filins
1227 1009 1443 1068 autem
1489 1001 1773 1067 hominis

888 1154 1267 1219 nonhabet
1310 1153 1419 1219 ubi
1465 1153 1701 1237 capud‘

889 1307 1166 1375 reclinet
1210 1306 1381 1373 alius
1429 1309 1579 1371 aute

891 1458 975 1524 de
1019 1458 1362 1542 discipulis
1408 1457 1548 1523 eius
1593 1410 1689 1522 ait

893 1609 989 1674 illi
1036 1609 1167 1675 dne
1209 1608 1513 1694 permitte
1556 1628 1663 1673 me

888 1760 1170 1846 primum
1216 1760 1311 1826 ire
1357 1766 1423 1827 et
1464 1759 1746 1844 sepelire

890 1920 1077 1998 patre
1124 1933 1337 1979 meum
1380 1912 1485 1977 ihfi
1525 1933 1606 1977 an

889 2074 953 2131 te
1001 2066 1096 2133 ait
1138 2065 1236 2130 illi
1277 2065 1481 2148 seq're
1528 2084 1630 2130 me

891 2224 957 2283 et
1001 2217 1275 2284 demitte
1320 2224 1534 2283 mortu

887 2390 960 2436 os
1005 2370 1279 2455 sepel¹re
1324 2370 1613 2435 mortuos

887 2540 1040 2587 suos
1085 2523 1170 2587 Et
1214 2521 1580 2588 asscenden

718 2656 860 2747 mr²47
887 2679 953 2738 te
996 2693 1073 2738 eo
1120 2672 1188 2738 in
1232 2672 1542 2739 nauicula
1584 2691 1740 2738 seev

721 2758 841 2798 1084

717 2977 802 3041 24

715 3584 799 3649 25

714 4194 798 4258 26

890 2825 940 2889 ti
985 2830 1137 2889 sunt
1181 2835 1264 2891 en
1310 2823 1618 2909 discipuli

888 2975 1027 3041 eius
1072 2982 1138 3042 et
1182 2995 1333 3041 eeee
1381 2981 1591 3040 motus

887 3148 1165 3214 magnus
1210 3129 1421 3194 faetus
1466 3134 1565 3194 est
1601 3128 1669 3193 in
1716 3148 1826 3195 ma

887 3281 941 3346 ri
988 3281 1085 3347 ita
1128 3287 1198 3346 ut
1241 3280 1548 3346 nauicula
1588 3300 1712 3364 ope

886 3433 1121 3498 riretur
1165 3432 1403 3498 fluetib'
1448 3432 1592 3517 ipse

885 3604 1040 3650 nero
1086 3585 1453 3652 dormiebat
1497 3590 1564 3651 et

885 3743 1302 3804 accesserunt
1347 3744 1413 3837 et
1455 3757 1566 3803 sus

885 3889 1254 3956 citauerunt
1297 3900 1380 3956 en
1427 3888 1617 3955 dicen

885 4045 984 4106 tes
1029 4041 1158 4108 dne
1202 4043 1394 4110 salua
1432 4062 1550 4107 nos
1597 4062 1682 4126 pe

883 4193 1085 4259 rimus
1132 4202 1199 4261 et
1243 4194 1405 4260 dieit
1449 4194 1546 4261 eis
1589 4193 1694 4258 ih&
1824 4198 1833 4217 '

885 4346 1040 4429 quid
1087 4346 1300 4412 timidi
1347 4345 1507 4412 estis
1554 4365 1658 4410 mo

884 4495 1073 4563 dicae
1119 4498 1273 4564 fidei
1319 4505 1472 4564 tune
1510 4517 1620 4564 sur

1848 647 2124 716 Mtcss

2111 898 2115 903 -
2219 871 2382 934 gens
2429 850 2781 937 imperau't
2823 872 2949 918 nen

2216 1004 2301 1069 tis
2347 1010 2413 1070 et
2457 1003 2623 1069 mari
2664 1010 2729 1069 et
2761 990 2951 1071 'faeta

2093 1147 2099 1153 ’
2218 1161 2318 1221 est
2360 1154 2777 1238 tranquilitas

2045 1307 2127 1371 27

2035 4197 2122 4262 30

2213 1276 2461 1395 ‘magna
2506 1328 2698 1392 porro
2735 1306 2907 1371 homi

2217 1478 2334 1524 nes
2381 1459 2602 1526 mirati
2648 1465 2799 1525 sunt
2843 1457 2910 1524 di

2216 1618 2438 1677 centes
2484 1611 2697 1693 qualis
2743 1618 2844 1677 est

2215 1761 2322 1828 hie
2366 1762 2521 1845 quia
2563 1762 2743 1829 nenti
2790 1768 2854 1829 et
2904 1723 3040 1828 ma..

2212 1934 2282 1980 re
2329 1914 2684 1980 oboediunt
2728 1915 2789 1982 ei

2211 2031 2296 2133 Et
2338 2078 2472 2132 cum
2517 2066 2809 2133 uenisset
2854 2071 2999 2130 tr⁸¹²⁸

2220 2219 2394 2285 fretn
2440 2219 2506 2284 in
2553 2218 2826 2304 regione
2953 2208 2963 2219 ’

2214 2382 2614 2456 gerasenorsl
2654 2383 2835 2437 000'1'

2189 2529 2438 2589 rerunt
2481 2522 2543 2588 ei
2589 2521 2717 2588 duo
2761 2523 2848 2587 ho

2214 2674 2423 2741 mines
2468 2674 2787 2741 habentes

2211 2827 2539 2893 daemonia
2581 2826 2665 2892 de
2706 2799 2902 2892 monv

2210 2979 2448 3045 mentis
2494 2986 2808 3046 exeuntes

2208 3131 2392 3198 saeui
2437 3131 2632 3197 nimis
2672 3132 2768 3197 ita
2809 3138 2880 3197 ut

2210 3304 2401 3350 nemo
2443 3290 2667 3368 posset
2711 3290 2842 3350 tran

2207 3434 2338 3502 sire
2383 3457 2502 3521 per
2546 3435 2655 3501 uisi.
2697 3435 2890 3517 illam¹

2210 3594 2276 3655 et
2321 3589 2769 3656 elamauerunt

2206 3739 2499 3809 dieentes
2546 3741 2710 3825 quid·
2747 3762 2832 3807 no

2209 3892 2309 3958 bis
2355 3900 2421 3959 et
2464 3893 2583 3959 tibi
2629 3894 2744 3959 ihn
2788 3893 2884 3959 fili

2207 4045 2276 4109 di
2322 4045 2560 4112 uenisti
2605 4044 2731 4111 hue
2776 4051 2929 4111 ante
2973 4049 3040 4108 te

2206 4217 2327 4281 pus
2372 4198 2606 4280 torq're
2647 4217 2786 4264 nos.
2834 4218 2871 4265 e

2207 4355 2309 4414 rat
2353 4354 2504 4415 aute
2548 4369 2676 4415 non
2723 4349 2922 4434 longe

2205 4500 2289 4565 ab
2335 4500 2431 4566 eis
2471 4523 2634 4585 grex
2679 4509 2953 4586 pou-eor?

2206 4653 2550 4719 multorum
