<?xml version="1.0" encoding="UTF-8"?>
<!DOCTYPE html PUBLIC "-//W3C//DTD XHTML 1.0 Transitional//EN"
    "http://www.w3.org/TR/xhtml1/DTD/xhtml1-transitional.dtd">
<html xmlns="http://www.w3.org/1999/xhtml" xml:lang="en" lang="en">
 <head>
  <title>
</title>
<meta http-equiv="Content-Type" content="text/html;charset=utf-8" />
  <meta name='ocr-system' content='tesseract 3.04.00' />
  <meta name='ocr-capabilities' content='ocr_page ocr_carea ocr_par ocr_line ocrx_word'/>
</head>
<body>
  <div class='ocr_page' id='page_1' title='image "./codexaureussive00belsgoog_0443.png"; bbox 0 0 3634 5717; ppageno 0'>
   <div class='ocr_carea' id='block_1_1' title="bbox 371 646 752 712">
    <p class='ocr_par' dir='ltr' id='par_1_1' title="bbox 371 646 752 712">
     <span class='ocr_line' id='line_1_1' title="bbox 371 646 752 712; baseline -0.003 -2"><span class='ocrx_word' id='word_1_1' title='bbox 371 646 488 711; x_wconf 82' lang='lat' dir='ltr'><strong>Fol</strong></span> <span class='ocrx_word' id='word_1_2' title='bbox 538 646 656 712; x_wconf 82' lang='lat'><strong>189</strong></span> <span class='ocrx_word' id='word_1_3' title='bbox 742 679 752 700; x_wconf 86' lang='lat'><strong>·</strong></span> 
     </span>
    </p>
   </div>
   <div class='ocr_carea' id='block_1_2' title="bbox 375 1002 491 1091">
    <p class='ocr_par' dir='ltr' id='par_1_2' title="bbox 375 1002 491 1091">
     <span class='ocr_line' id='line_1_2' title="bbox 375 1002 491 1091; baseline -0.017 -23"><span class='ocrx_word' id='word_1_4' title='bbox 375 1002 491 1091; x_wconf 58' lang='lat'><strong>‚14</strong></span> 
     </span>
    </p>
   </div>
   <div class='ocr_carea' id='block_1_3' title="bbox 412 1613 491 1678">
    <p class='ocr_par' dir='ltr' id='par_1_3' title="bbox 412 1613 491 1678">
     <span class='ocr_line' id='line_1_3' title="bbox 412 1613 491 1678; baseline 0.025 -2"><span class='ocrx_word' id='word_1_5' title='bbox 412 1613 491 1678; x_wconf 87' lang='lat'><strong>15</strong></span> 
     </span>
    </p>
   </div>
   <div class='ocr_carea' id='block_1_4' title="bbox 424 2833 505 2899">
    <p class='ocr_par' dir='ltr' id='par_1_4' title="bbox 424 2833 505 2899">
     <span class='ocr_line' id='line_1_4' title="bbox 424 2833 505 2899; baseline 0 0"><span class='ocrx_word' id='word_1_6' title='bbox 424 2833 505 2899; x_wconf 88' lang='grc'><strong>16</strong></span> 
     </span>
    </p>
   </div>
   <div class='ocr_carea' id='block_1_5' title="bbox 424 3440 500 3506">
    <p class='ocr_par' dir='ltr' id='par_1_5' title="bbox 424 3440 500 3506">
     <span class='ocr_line' id='line_1_5' title="bbox 424 3440 500 3506; baseline -0.039 0"><span class='ocrx_word' id='word_1_7' title='bbox 424 3440 500 3506; x_wconf 84' lang='grc'><strong>17</strong></span> 
     </span>
    </p>
   </div>
   <div class='ocr_carea' id='block_1_6' title="bbox 576 849 1394 1998">
    <p class='ocr_par' dir='ltr' id='par_1_6' title="bbox 576 849 1394 1998">
     <span class='ocr_line' id='line_1_6' title="bbox 576 849 1221 935; baseline 0.002 -20"><span class='ocrx_word' id='word_1_8' title='bbox 576 849 685 915; x_wconf 91' lang='lat' dir='ltr'><strong>nbi</strong></span> <span class='ocrx_word' id='word_1_9' title='bbox 733 858 1090 935; x_wconf 88' lang='lat' dir='ltr'><strong>posuerunt</strong></span> <span class='ocrx_word' id='word_1_10' title='bbox 1137 852 1221 917; x_wconf 80' lang='lat' dir='ltr'><strong>efi</strong></span> 
     </span>
     <span class='ocr_line' id='line_1_7' title="bbox 577 1002 1324 1070; baseline -0.001 -2"><span class='ocrx_word' id='word_1_11' title='bbox 577 1003 718 1070; x_wconf 82' lang='lat' dir='ltr'><strong>haec</strong></span> <span class='ocrx_word' id='word_1_12' title='bbox 762 1005 843 1069; x_wconf 81' lang='lat' dir='ltr'><strong>ofi</strong></span> <span class='ocrx_word' id='word_1_13' title='bbox 887 1002 1167 1069; x_wconf 76' lang='lat' dir='ltr'><strong>dixisset</strong></span> <span class='ocrx_word' id='word_1_14' title='bbox 1205 1019 1324 1070; x_wconf 86' lang='lat' dir='ltr'><strong>oon</strong></span> 
     </span>
     <span class='ocr_line' id='line_1_8' title="bbox 577 1162 1244 1222; baseline -0.003 0"><span class='ocrx_word' id='word_1_15' title='bbox 577 1175 773 1222; x_wconf 85' lang='lat' dir='ltr'><strong>uersa</strong></span> <span class='ocrx_word' id='word_1_16' title='bbox 816 1163 918 1222; x_wconf 85' lang='lat' dir='ltr'><strong>est</strong></span> <span class='ocrx_word' id='word_1_17' title='bbox 957 1162 1132 1222; x_wconf 86' lang='lat' dir='ltr'><strong>retro</strong></span> <span class='ocrx_word' id='word_1_18' title='bbox 1176 1162 1244 1222; x_wconf 90' lang='lat' dir='ltr'><strong>et</strong></span> 
     </span>
     <span class='ocr_line' id='line_1_9' title="bbox 579 1306 1297 1387; baseline 0 -15"><span class='ocrx_word' id='word_1_19' title='bbox 579 1306 748 1373; x_wconf 91' lang='lat' dir='ltr'><strong>uidit</strong></span> <span class='ocrx_word' id='word_1_20' title='bbox 790 1306 924 1373; x_wconf 81' lang='lat' dir='ltr'><strong>ihm</strong></span> <span class='ocrx_word' id='word_1_21' title='bbox 970 1313 1183 1387; x_wconf 73' lang='lat' dir='ltr'><strong>stante</strong></span> <span class='ocrx_word' id='word_1_22' title='bbox 1229 1314 1297 1374; x_wconf 90' lang='lat' dir='ltr'><strong>et</strong></span> 
     </span>
     <span class='ocr_line' id='line_1_10' title="bbox 580 1458 1352 1542; baseline -0.003 -18"><span class='ocrx_word' id='word_1_23' title='bbox 580 1480 710 1525; x_wconf 92' lang='lat' dir='ltr'><strong>non</strong></span> <span class='ocrx_word' id='word_1_24' title='bbox 755 1460 1008 1526; x_wconf 78' lang='lat' dir='ltr'><strong>sciebat</strong></span> <span class='ocrx_word' id='word_1_25' title='bbox 1049 1458 1205 1542; x_wconf 88' lang='lat' dir='ltr'><strong>quia</strong></span> <span class='ocrx_word' id='word_1_26' title='bbox 1249 1458 1352 1524; x_wconf 71' lang='lat' dir='ltr'><strong>ihs</strong></span> 
     </span>
     <span class='ocr_line' id='line_1_11' title="bbox 582 1609 1346 1678; baseline 0.001 -2"><span class='ocrx_word' id='word_1_27' title='bbox 582 1617 682 1676; x_wconf 89' lang='lat' dir='ltr'><strong>est</strong></span> <span class='ocrx_word' id='word_1_28' title='bbox 724 1609 888 1677; x_wconf 86' lang='lat' dir='ltr'><strong>dioit</strong></span> <span class='ocrx_word' id='word_1_29' title='bbox 931 1610 995 1678; x_wconf 91' lang='lat' dir='ltr'><strong>ei</strong></span> <span class='ocrx_word' id='word_1_30' title='bbox 1040 1611 1145 1677; x_wconf 74' lang='lat' dir='ltr'><strong>ihs</strong></span> <span class='ocrx_word' id='word_1_31' title='bbox 1190 1612 1346 1677; x_wconf 89' lang='lat' dir='ltr'><strong>muli</strong></span> 
     </span>
     <span class='ocr_line' id='line_1_12' title="bbox 580 1761 1285 1847; baseline 0.001 -19"><span class='ocrx_word' id='word_1_32' title='bbox 580 1782 653 1828; x_wconf 86' lang='lat' dir='ltr'><strong>er</strong></span> <span class='ocrx_word' id='word_1_33' title='bbox 695 1761 853 1847; x_wconf 87' lang='lat' dir='ltr'><strong>quid</strong></span> <span class='ocrx_word' id='word_1_34' title='bbox 896 1764 1120 1847; x_wconf 87' lang='lat' dir='ltr'><strong>ploras</strong></span> <span class='ocrx_word' id='word_1_35' title='bbox 1161 1775 1285 1846; x_wconf 79' lang='lat' dir='ltr'><strong>que</strong></span> 
     </span>
     <span class='ocr_line' id='line_1_13' title="bbox 581 1914 1394 1998; baseline 0.004 -19"><span class='ocrx_word' id='word_1_36' title='bbox 581 1914 799 1998; x_wconf 87' lang='lat' dir='ltr'><strong>queris</strong></span> <span class='ocrx_word' id='word_1_37' title='bbox 844 1914 963 1980; x_wconf 89' lang='lat' dir='ltr'><strong>illa</strong></span> <span class='ocrx_word' id='word_1_38' title='bbox 1005 1914 1394 1982; x_wconf 85' lang='lat' dir='ltr'><strong>existimans</strong></span> 
     </span>
    </p>
   </div>
   <div class='ocr_carea' id='block_1_7' title="bbox 582 2065 1265 2149">
    <p class='ocr_par' dir='ltr' id='par_1_7' title="bbox 582 2065 1265 2149">
     <span class='ocr_line' id='line_1_14' title="bbox 582 2065 1265 2149; baseline 0.003 -18"><span class='ocrx_word' id='word_1_39' title='bbox 582 2065 740 2149; x_wconf 87' lang='lat' dir='ltr'><strong>quia</strong></span> <span class='ocrx_word' id='word_1_40' title='bbox 781 2065 1119 2133; x_wconf 86' lang='lat' dir='ltr'><strong>ortulanns</strong></span> <span class='ocrx_word' id='word_1_41' title='bbox 1162 2073 1265 2133; x_wconf 88' lang='lat' dir='ltr'><strong>est</strong></span> 
     </span>
    </p>
   </div>
   <div class='ocr_carea' id='block_1_8' title="bbox 584 2205 1435 2306">
    <p class='ocr_par' dir='ltr' id='par_1_8' title="bbox 584 2205 1435 2306">
     <span class='ocr_line' id='line_1_15' title="bbox 584 2205 1435 2306; baseline 0.006 -24"><span class='ocrx_word' id='word_1_42' title='bbox 584 2215 748 2283; x_wconf 87' lang='lat' dir='ltr'><strong>dioit</strong></span> <span class='ocrx_word' id='word_1_43' title='bbox 789 2216 852 2283; x_wconf 90' lang='lat' dir='ltr'><strong>ei</strong></span> <span class='ocrx_word' id='word_1_44' title='bbox 897 2216 1028 2306; x_wconf 78' lang='lat' dir='ltr'><strong>dne</strong></span> <span class='ocrx_word' id='word_1_45' title='bbox 1073 2217 1131 2283; x_wconf 87' lang='lat' dir='ltr'><strong>si</strong></span> <span class='ocrx_word' id='word_1_46' title='bbox 1175 2228 1245 2284; x_wconf 86' lang='lat' dir='ltr'><strong>tu</strong></span> <span class='ocrx_word' id='word_1_47' title='bbox 1287 2239 1397 2286; x_wconf 87' lang='lat' dir='ltr'><strong>sus</strong></span> <span class='ocrx_word' id='word_1_48' title='bbox 1431 2205 1435 2208; x_wconf 16' lang='grc' dir='ltr'><strong>Α</strong></span> 
     </span>
    </p>
   </div>
   <div class='ocr_carea' id='block_1_9' title="bbox 585 2368 1349 4578">
    <p class='ocr_par' dir='ltr' id='par_1_9' title="bbox 585 2368 1284 2606">
     <span class='ocr_line' id='line_1_16' title="bbox 585 2368 1284 2437; baseline 0.006 -4"><span class='ocrx_word' id='word_1_49' title='bbox 585 2368 794 2434; x_wconf 86' lang='lat' dir='ltr'><strong>tulisti</strong></span> <span class='ocrx_word' id='word_1_50' title='bbox 835 2370 919 2436; x_wconf 71' lang='lat' dir='ltr'><strong>en</strong></span> <span class='ocrx_word' id='word_1_51' title='bbox 965 2369 1074 2436; x_wconf 84' lang='lat' dir='ltr'><strong>dio</strong></span> <span class='ocrx_word' id='word_1_52' title='bbox 1117 2370 1284 2437; x_wconf 87' lang='lat' dir='ltr'><strong>mihi</strong></span> 
     </span>
     <span class='ocr_line' id='line_1_17' title="bbox 586 2520 1210 2606; baseline 0.01 -21"><span class='ocrx_word' id='word_1_53' title='bbox 586 2520 697 2586; x_wconf 88' lang='lat' dir='ltr'><strong>ubi</strong></span> <span class='ocrx_word' id='word_1_54' title='bbox 741 2521 1019 2606; x_wconf 77' lang='lat' dir='ltr'><strong>posuisti</strong></span> <span class='ocrx_word' id='word_1_55' title='bbox 1064 2544 1210 2591; x_wconf 91' lang='lat' dir='ltr'><strong>enm</strong></span> 
     </span>
    </p>

    <p class='ocr_par' dir='ltr' id='par_1_10' title="bbox 586 2676 1338 3692">
     <span class='ocr_line' id='line_1_18' title="bbox 588 2676 1221 2759; baseline 0.009 -21"><span class='ocrx_word' id='word_1_56' title='bbox 588 2678 655 2739; x_wconf 91' lang='lat' dir='ltr'><strong>et</strong></span> <span class='ocrx_word' id='word_1_57' title='bbox 697 2694 824 2759; x_wconf 78' lang='lat' dir='ltr'><strong>ego</strong></span> <span class='ocrx_word' id='word_1_58' title='bbox 869 2693 1017 2742; x_wconf 87' lang='lat' dir='ltr'><strong>eum</strong></span> <span class='ocrx_word' id='word_1_59' title='bbox 1058 2676 1221 2744; x_wconf 75' lang='lat' dir='ltr'><strong>tolla</strong></span> 
     </span>
     <span class='ocr_line' id='line_1_19' title="bbox 589 2823 1263 2896; baseline 0.009 -6"><span class='ocrx_word' id='word_1_60' title='bbox 589 2823 752 2891; x_wconf 85' lang='lat' dir='ltr'><strong>dieit</strong></span> <span class='ocrx_word' id='word_1_61' title='bbox 793 2826 857 2894; x_wconf 90' lang='lat' dir='ltr'><strong>ei</strong></span> <span class='ocrx_word' id='word_1_62' title='bbox 903 2826 1006 2893; x_wconf 75' lang='lat' dir='ltr'><strong>ihs</strong></span> <span class='ocrx_word' id='word_1_63' title='bbox 1050 2829 1263 2896; x_wconf 86' lang='lat' dir='ltr'><strong>maria</strong></span> 
     </span>
     <span class='ocr_line' id='line_1_20' title="bbox 587 2981 1294 3048; baseline 0.006 -5"><span class='ocrx_word' id='word_1_64' title='bbox 587 2983 654 3043; x_wconf 90' lang='lat' dir='ltr'><strong>et</strong></span> <span class='ocrx_word' id='word_1_65' title='bbox 697 2998 1021 3047; x_wconf 85' lang='lat' dir='ltr'><strong>oonuersa</strong></span> <span class='ocrx_word' id='word_1_66' title='bbox 1061 2981 1182 3048; x_wconf 88' lang='lat' dir='ltr'><strong>illa</strong></span> <span class='ocrx_word' id='word_1_67' title='bbox 1225 2982 1294 3047; x_wconf 91' lang='lat' dir='ltr'><strong>di</strong></span> 
     </span>
     <span class='ocr_line' id='line_1_21' title="bbox 586 3127 1312 3232; baseline 0.008 -38"><span class='ocrx_word' id='word_1_68' title='bbox 586 3127 675 3194; x_wconf 87' lang='lat' dir='ltr'><strong>oit</strong></span> <span class='ocrx_word' id='word_1_69' title='bbox 717 3129 781 3195; x_wconf 87' lang='lat' dir='ltr'><strong>ei</strong></span> <span class='ocrx_word' id='word_1_70' title='bbox 824 3132 1101 3198; x_wconf 78' lang='lat' dir='ltr'><strong>rabboni</strong></span> <span class='ocrx_word' id='word_1_71' title='bbox 1140 3134 1312 3232; x_wconf 87' lang='lat' dir='ltr'><strong>qnod</strong></span> 
     </span>
     <span class='ocr_line' id='line_1_22' title="bbox 588 3277 1190 3368; baseline 0.01 -23"><span class='ocrx_word' id='word_1_72' title='bbox 588 3277 829 3347; x_wconf 82' lang='lat' dir='ltr'><strong>dieitur</strong></span> <span class='ocrx_word' id='word_1_73' title='bbox 872 3284 1190 3368; x_wconf 79' lang='lat' dir='ltr'><strong>magister</strong></span> 
     </span>
     <span class='ocr_line' id='line_1_23' title="bbox 590 3428 1338 3504; baseline 0.012 -10"><span class='ocrx_word' id='word_1_74' title='bbox 590 3428 752 3496; x_wconf 85' lang='lat' dir='ltr'><strong>dioit</strong></span> <span class='ocrx_word' id='word_1_75' title='bbox 796 3432 859 3497; x_wconf 92' lang='lat' dir='ltr'><strong>ei</strong></span> <span class='ocrx_word' id='word_1_76' title='bbox 902 3432 1008 3499; x_wconf 78' lang='lat' dir='ltr'><strong>ihs</strong></span> <span class='ocrx_word' id='word_1_77' title='bbox 1052 3434 1188 3501; x_wconf 89' lang='lat' dir='ltr'><strong>noli</strong></span> <span class='ocrx_word' id='word_1_78' title='bbox 1234 3457 1338 3504; x_wconf 90' lang='lat' dir='ltr'><strong>me</strong></span> 
     </span>
     <span class='ocr_line' id='line_1_24' title="bbox 592 3585 1213 3692; baseline 0.013 -45"><span class='ocrx_word' id='word_1_79' title='bbox 592 3587 868 3668; x_wconf 82' lang='lat' dir='ltr'><strong>tangere</strong></span> <span class='ocrx_word' id='word_1_80' title='bbox 906 3585 1132 3652; x_wconf 77' lang='lat' dir='ltr'><strong>nondn</strong></span> <span class='ocrx_word' id='word_1_81' title='bbox 1148 3607 1213 3692; x_wconf 53' lang='lat' dir='ltr'><strong>⁸e</strong></span> 
     </span>
    </p>

    <p class='ocr_par' dir='ltr' id='par_1_11' title="bbox 590 3735 1349 4578">
     <span class='ocr_line' id='line_1_25' title="bbox 592 3735 1339 3823; baseline 0.011 -24"><span class='ocrx_word' id='word_1_82' title='bbox 592 3745 660 3800; x_wconf 83' lang='lat' dir='ltr'><strong>ni</strong></span> <span class='ocrx_word' id='word_1_83' title='bbox 707 3735 978 3803; x_wconf 75' lang='lat' dir='ltr'><strong>ascendi</strong></span> <span class='ocrx_word' id='word_1_84' title='bbox 1022 3737 1109 3804; x_wconf 84' lang='lat' dir='ltr'><strong>ad</strong></span> <span class='ocrx_word' id='word_1_85' title='bbox 1149 3746 1339 3823; x_wconf 76' lang='lat' dir='ltr'><strong>patre</strong></span> 
     </span>
     <span class='ocr_line' id='line_1_26' title="bbox 593 3888 1220 3958; baseline 0.006 -6"><span class='ocrx_word' id='word_1_86' title='bbox 593 3907 807 3955; x_wconf 87' lang='lat' dir='ltr'><strong>meum</strong></span> <span class='ocrx_word' id='word_1_87' title='bbox 853 3888 1024 3956; x_wconf 83' lang='lat' dir='ltr'><strong>nade</strong></span> <span class='ocrx_word' id='word_1_88' title='bbox 1069 3897 1220 3958; x_wconf 78' lang='lat' dir='ltr'><strong>aute</strong></span> 
     </span>
     <span class='ocr_line' id='line_1_27' title="bbox 591 3999 1288 4112; baseline 0.004 -6"><span class='ocrx_word' id='word_1_89' title='bbox 591 4040 678 4107; x_wconf 85' lang='lat' dir='ltr'><strong>ad</strong></span> <span class='ocrx_word' id='word_1_90' title='bbox 724 4041 960 4108; x_wconf 78' lang='lat' dir='ltr'><strong>fratres</strong></span> <span class='ocrx_word' id='word_1_91' title='bbox 987 3999 1185 4112; x_wconf 27' lang='lat' dir='ltr'><strong>‘meos</strong></span> <span class='ocrx_word' id='word_1_92' title='bbox 1221 4051 1288 4112; x_wconf 91' lang='lat' dir='ltr'><strong>et</strong></span> 
     </span>
     <span class='ocr_line' id='line_1_28' title="bbox 590 4192 1349 4266; baseline 0.009 -7"><span class='ocrx_word' id='word_1_93' title='bbox 590 4192 699 4260; x_wconf 83' lang='lat' dir='ltr'><strong>dio</strong></span> <span class='ocrx_word' id='word_1_94' title='bbox 743 4193 840 4260; x_wconf 87' lang='lat' dir='ltr'><strong>eis</strong></span> <span class='ocrx_word' id='word_1_95' title='bbox 883 4194 1219 4264; x_wconf 75' lang='lat' dir='ltr'><strong>adscendo</strong></span> <span class='ocrx_word' id='word_1_96' title='bbox 1262 4199 1349 4266; x_wconf 87' lang='lat' dir='ltr'><strong>ad</strong></span> 
     </span>
     <span class='ocr_line' id='line_1_29' title="bbox 593 4348 1153 4427; baseline 0.011 -20"><span class='ocrx_word' id='word_1_97' title='bbox 593 4348 780 4427; x_wconf 76' lang='lat' dir='ltr'><strong>patre</strong></span> <span class='ocrx_word' id='word_1_98' title='bbox 824 4365 1040 4412; x_wconf 85' lang='lat' dir='ltr'><strong>meum</strong></span> <span class='ocrx_word' id='word_1_99' title='bbox 1085 4353 1153 4415; x_wconf 91' lang='lat' dir='ltr'><strong>et</strong></span> 
     </span>
     <span class='ocr_line' id='line_1_30' title="bbox 590 4501 1176 4578; baseline 0.005 -18"><span class='ocrx_word' id='word_1_100' title='bbox 590 4501 846 4578; x_wconf 87' lang='lat' dir='ltr'><strong>patrem</strong></span> <span class='ocrx_word' id='word_1_101' title='bbox 889 4504 1176 4565; x_wconf 87' lang='lat' dir='ltr'><strong>uestrum</strong></span> 
     </span>
    </p>
   </div>
   <div class='ocr_carea' id='block_1_10' title="bbox 593 4646 1289 4852">
    <p class='ocr_par' dir='ltr' id='par_1_12' title="bbox 593 4646 1289 4852">
     <span class='ocr_line' id='line_1_31' title="bbox 593 4646 1289 4717; baseline 0.004 -3"><span class='ocrx_word' id='word_1_102' title='bbox 593 4647 680 4714; x_wconf 83' lang='lat' dir='ltr'><strong>ad</strong></span> <span class='ocrx_word' id='word_1_103' title='bbox 724 4646 833 4715; x_wconf 83' lang='lat' dir='ltr'><strong>dm</strong></span> <span class='ocrx_word' id='word_1_104' title='bbox 880 4649 1031 4714; x_wconf 72' lang='lat' dir='ltr'><strong>mei</strong></span> <span class='ocrx_word' id='word_1_105' title='bbox 1074 4656 1143 4716; x_wconf 88' lang='lat' dir='ltr'><strong>et</strong></span> <span class='ocrx_word' id='word_1_106' title='bbox 1180 4650 1289 4717; x_wconf 81' lang='lat' dir='ltr'><strong>dm</strong></span> 
     </span>
     <span class='ocr_line' id='line_1_32' title="bbox 898 4791 1119 4852; baseline 0 -1"><span class='ocrx_word' id='word_1_107' title='bbox 898 4791 1119 4852; x_wconf 69' lang='lat' dir='ltr'><strong>uestro</strong></span> 
     </span>
    </p>
   </div>
   <div class='ocr_carea' id='block_1_11' title="bbox 1467 647 1809 712">
    <p class='ocr_par' dir='ltr' id='par_1_13' title="bbox 1467 647 1809 712">
     <span class='ocr_line' id='line_1_33' title="bbox 1467 647 1809 712; baseline 0 0"><span class='ocrx_word' id='word_1_108' title='bbox 1467 647 1809 712; x_wconf 75' lang='lat'>1011020</span> 
     </span>
    </p>
   </div>
   <div class='ocr_carea' id='block_1_12' title="bbox 1731 849 2717 1239">
    <p class='ocr_par' dir='ltr' id='par_1_14' title="bbox 1731 849 2717 1239">
     <span class='ocr_line' id='line_1_34' title="bbox 1731 849 2620 935; baseline -0.001 -18"><span class='ocrx_word' id='word_1_109' title='bbox 1731 850 1807 917; x_wconf 88' lang='lat'><strong>18</strong></span> <span class='ocrx_word' id='word_1_110' title='bbox 1897 850 2078 916; x_wconf 89' lang='lat' dir='ltr'><strong>uenit</strong></span> <span class='ocrx_word' id='word_1_111' title='bbox 2122 850 2331 917; x_wconf 88' lang='lat' dir='ltr'><strong>maria</strong></span> <span class='ocrx_word' id='word_1_112' title='bbox 2374 849 2620 935; x_wconf 84' lang='lat' dir='ltr'><strong>magda</strong></span> 
     </span>
     <span class='ocr_line' id='line_1_35' title="bbox 1897 1001 2643 1069; baseline 0 -1"><span class='ocrx_word' id='word_1_113' title='bbox 1897 1004 2046 1069; x_wconf 89' lang='lat' dir='ltr'><strong>lene</strong></span> <span class='ocrx_word' id='word_1_114' title='bbox 2090 1001 2489 1069; x_wconf 78' lang='lat' dir='ltr'><strong>adnuntians</strong></span> <span class='ocrx_word' id='word_1_115' title='bbox 2539 1003 2643 1068; x_wconf 87' lang='lat' dir='ltr'><strong>dis</strong></span> 
     </span>
     <span class='ocr_line' id='line_1_36' title="bbox 1897 1153 2717 1239; baseline -0.004 -19"><span class='ocrx_word' id='word_1_116' title='bbox 1897 1153 2133 1239; x_wconf 84' lang='lat' dir='ltr'><strong>eipnlis</strong></span> <span class='ocrx_word' id='word_1_117' title='bbox 2179 1155 2334 1238; x_wconf 88' lang='lat' dir='ltr'><strong>quia</strong></span> <span class='ocrx_word' id='word_1_118' title='bbox 2377 1153 2513 1220; x_wconf 89' lang='lat' dir='ltr'><strong>uidi</strong></span> <span class='ocrx_word' id='word_1_119' title='bbox 2560 1153 2717 1218; x_wconf 73' lang='lat' dir='ltr'><strong>dnm</strong></span> 
     </span>
    </p>
   </div>
   <div class='ocr_carea' id='block_1_13' title="bbox 1697 1305 2712 1439">
    <p class='ocr_par' dir='ltr' id='par_1_15' title="bbox 1697 1305 2712 1439">
     <span class='ocr_line' id='line_1_37' title="bbox 1697 1305 2712 1439; baseline -0.006 -64"><span class='ocrx_word' id='word_1_120' title='bbox 1697 1311 1843 1439; x_wconf 27' lang='grc'><strong>,12913</strong></span> <span class='ocrx_word' id='word_1_121' title='bbox 1901 1314 1968 1373; x_wconf 84' lang='lat' dir='ltr'><strong>et</strong></span> <span class='ocrx_word' id='word_1_122' title='bbox 2010 1306 2152 1373; x_wconf 77' lang='lat' dir='ltr'><strong>haeo</strong></span> <span class='ocrx_word' id='word_1_123' title='bbox 2194 1306 2365 1372; x_wconf 86' lang='lat' dir='ltr'><strong>dixit</strong></span> <span class='ocrx_word' id='word_1_124' title='bbox 2408 1305 2569 1372; x_wconf 86' lang='lat' dir='ltr'><strong>mihi</strong></span> <span class='ocrx_word' id='word_1_125' title='bbox 2614 1305 2712 1372; x_wconf 73' lang='grc' dir='ltr'><strong>Οὐ</strong></span> 
     </span>
    </p>
   </div>
   <div class='ocr_carea' id='block_1_14' title="bbox 1695 1498 1843 1542">
    <p class='ocr_par' dir='ltr' id='par_1_16' title="bbox 1695 1498 1843 1542">
     <span class='ocr_line' id='line_1_38' title="bbox 1695 1498 1843 1542; baseline 0.007 -1"><span class='ocrx_word' id='word_1_126' title='bbox 1695 1498 1843 1542; x_wconf 80' lang='lat'><strong>10340</strong></span> 
     </span>
    </p>
   </div>
   <div class='ocr_carea' id='block_1_15' title="bbox 1902 1611 2705 1678">
    <p class='ocr_par' dir='ltr' id='par_1_17' title="bbox 1902 1611 2705 1678">
     <span class='ocr_line' id='line_1_39' title="bbox 1902 1611 2705 1678; baseline -0.002 -1"><span class='ocrx_word' id='word_1_127' title='bbox 1902 1612 2016 1677; x_wconf 91' lang='lat' dir='ltr'><strong>illo</strong></span> <span class='ocrx_word' id='word_1_128' title='bbox 2061 1632 2195 1678; x_wconf 88' lang='lat' dir='ltr'><strong>nna</strong></span> <span class='ocrx_word' id='word_1_129' title='bbox 2236 1611 2593 1677; x_wconf 76' lang='lat' dir='ltr'><strong>sabbatorfi</strong></span> <span class='ocrx_word' id='word_1_130' title='bbox 2638 1616 2705 1677; x_wconf 91' lang='lat' dir='ltr'><strong>et</strong></span> 
     </span>
    </p>
   </div>
   <div class='ocr_carea' id='block_1_16' title="bbox 1900 1762 2668 1830">
    <p class='ocr_par' dir='ltr' id='par_1_18' title="bbox 1900 1762 2668 1830">
     <span class='ocr_line' id='line_1_40' title="bbox 1900 1762 2668 1830; baseline -0.003 0"><span class='ocrx_word' id='word_1_131' title='bbox 1900 1765 2114 1830; x_wconf 84' lang='lat' dir='ltr'><strong>ianuae</strong></span> <span class='ocrx_word' id='word_1_132' title='bbox 2161 1769 2383 1829; x_wconf 87' lang='lat' dir='ltr'><strong>essent</strong></span> <span class='ocrx_word' id='word_1_133' title='bbox 2426 1762 2668 1829; x_wconf 74' lang='lat' dir='ltr'><strong>olausae</strong></span> 
     </span>
    </p>
   </div>
   <div class='ocr_carea' id='block_1_17' title="bbox 1903 1458 2627 1544">
    <p class='ocr_par' dir='ltr' id='par_1_19' title="bbox 1903 1458 2627 1544">
     <span class='ocr_line' id='line_1_41' title="bbox 1903 1458 2627 1544; baseline -0.003 -18"><span class='ocrx_word' id='word_1_134' title='bbox 1903 1465 2079 1526; x_wconf 90' lang='lat' dir='ltr'><strong>esset</strong></span> <span class='ocrx_word' id='word_1_135' title='bbox 2119 1479 2280 1544; x_wconf 86' lang='lat' dir='ltr'><strong>ergo</strong></span> <span class='ocrx_word' id='word_1_136' title='bbox 2323 1478 2471 1525; x_wconf 87' lang='lat' dir='ltr'><strong>sero</strong></span> <span class='ocrx_word' id='word_1_137' title='bbox 2516 1458 2627 1524; x_wconf 90' lang='lat' dir='ltr'><strong>die</strong></span> 
     </span>
    </p>
   </div>
   <div class='ocr_carea' id='block_1_18' title="bbox 2783 648 2905 711">
    <p class='ocr_par' dir='ltr' id='par_1_20' title="bbox 2783 648 2905 711">
     <span class='ocr_line' id='line_1_42' title="bbox 2783 648 2905 711; baseline -0.008 0"><span class='ocrx_word' id='word_1_138' title='bbox 2783 648 2905 711; x_wconf 78' lang='lat'><strong>377</strong></span> 
     </span>
    </p>
   </div>
   <div class='ocr_carea' id='block_1_19' title="bbox 1899 1911 2808 1999">
    <p class='ocr_par' dir='ltr' id='par_1_21' title="bbox 1899 1911 2808 1999">
     <span class='ocr_line' id='line_1_43' title="bbox 1899 1911 2808 1999; baseline -0.002 -18"><span class='ocrx_word' id='word_1_139' title='bbox 1899 1915 2010 1981; x_wconf 89' lang='lat' dir='ltr'><strong>ubi</strong></span> <span class='ocrx_word' id='word_1_140' title='bbox 2056 1921 2245 1981; x_wconf 88' lang='lat' dir='ltr'><strong>erant</strong></span> <span class='ocrx_word' id='word_1_141' title='bbox 2288 1911 2598 1999; x_wconf 84' lang='lat' dir='ltr'><strong>disoipnli</strong></span> <span class='ocrx_word' id='word_1_142' title='bbox 2644 1933 2808 1998; x_wconf 85' lang='lat' dir='ltr'><strong>prop</strong></span> 
     </span>
    </p>
   </div>
   <div class='ocr_carea' id='block_1_20' title="bbox 1737 2065 2760 2912">
    <p class='ocr_par' dir='ltr' id='par_1_22' title="bbox 1737 2065 2760 2912">
     <span class='ocr_line' id='line_1_44' title="bbox 1901 2065 2694 2134; baseline -0.001 -1"><span class='ocrx_word' id='word_1_143' title='bbox 1901 2073 2001 2134; x_wconf 89' lang='lat' dir='ltr'><strong>ter</strong></span> <span class='ocrx_word' id='word_1_144' title='bbox 2044 2068 2222 2133; x_wconf 70' lang='lat' dir='ltr'><strong>metti</strong></span> <span class='ocrx_word' id='word_1_145' title='bbox 2268 2065 2563 2131; x_wconf 78' lang='lat' dir='ltr'><strong>indaeorfi</strong></span> <span class='ocrx_word' id='word_1_146' title='bbox 2611 2085 2694 2132; x_wconf 91' lang='lat' dir='ltr'><strong>ne</strong></span> 
     </span>
     <span class='ocr_line' id='line_1_45' title="bbox 1902 2218 2595 2285; baseline 0 -2"><span class='ocrx_word' id='word_1_147' title='bbox 1902 2219 2000 2284; x_wconf 92' lang='lat' dir='ltr'><strong>nit</strong></span> <span class='ocrx_word' id='word_1_148' title='bbox 2042 2218 2147 2284; x_wconf 72' lang='lat' dir='ltr'><strong>ihs</strong></span> <span class='ocrx_word' id='word_1_149' title='bbox 2192 2225 2260 2285; x_wconf 92' lang='lat' dir='ltr'><strong>et</strong></span> <span class='ocrx_word' id='word_1_150' title='bbox 2302 2218 2487 2284; x_wconf 88' lang='lat' dir='ltr'><strong>stetit</strong></span> <span class='ocrx_word' id='word_1_151' title='bbox 2529 2218 2595 2284; x_wconf 91' lang='lat' dir='ltr'><strong>in</strong></span> 
     </span>
     <span class='ocr_line' id='line_1_46' title="bbox 1910 2369 2760 2454; baseline -0.001 -18"><span class='ocrx_word' id='word_1_152' title='bbox 1910 2369 2125 2437; x_wconf 89' lang='lat' dir='ltr'><strong>medio</strong></span> <span class='ocrx_word' id='word_1_153' title='bbox 2171 2377 2238 2437; x_wconf 92' lang='lat' dir='ltr'><strong>et</strong></span> <span class='ocrx_word' id='word_1_154' title='bbox 2281 2370 2444 2438; x_wconf 80' lang='lat' dir='ltr'><strong>dicit</strong></span> <span class='ocrx_word' id='word_1_155' title='bbox 2485 2371 2583 2437; x_wconf 87' lang='lat' dir='ltr'><strong>eis</strong></span> <span class='ocrx_word' id='word_1_156' title='bbox 2627 2390 2760 2454; x_wconf 87' lang='lat' dir='ltr'><strong>pax</strong></span> 
     </span>
     <span class='ocr_line' id='line_1_47' title="bbox 1737 2517 2715 2590; baseline 0.007 -8"><span class='ocrx_word' id='word_1_157' title='bbox 1737 2517 1825 2582; x_wconf 82' lang='lat'><strong>20</strong></span> <span class='ocrx_word' id='word_1_158' title='bbox 1909 2522 2095 2589; x_wconf 87' lang='lat' dir='ltr'><strong>uobis</strong></span> <span class='ocrx_word' id='word_1_159' title='bbox 2136 2529 2204 2589; x_wconf 88' lang='lat' dir='ltr'><strong>et</strong></span> <span class='ocrx_word' id='word_1_160' title='bbox 2245 2523 2371 2590; x_wconf 88' lang='lat' dir='ltr'><strong>hoo</strong></span> <span class='ocrx_word' id='word_1_161' title='bbox 2414 2532 2495 2590; x_wconf 75' lang='lat' dir='ltr'><strong>osi</strong></span> <span class='ocrx_word' id='word_1_162' title='bbox 2539 2522 2715 2589; x_wconf 85' lang='lat' dir='ltr'><strong>dixis</strong></span> 
     </span>
     <span class='ocr_line' id='line_1_48' title="bbox 1859 2675 2638 2743; baseline 0.003 -2"><span class='ocrx_word' id='word_1_163' title='bbox 1859 2689 1865 2694; x_wconf 83' lang='grc'><em>·</em></span> <span class='ocrx_word' id='word_1_164' title='bbox 1909 2681 2012 2741; x_wconf 85' lang='lat' dir='ltr'><strong>set</strong></span> <span class='ocrx_word' id='word_1_165' title='bbox 2054 2675 2344 2743; x_wconf 85' lang='lat' dir='ltr'><strong>ostendit</strong></span> <span class='ocrx_word' id='word_1_166' title='bbox 2387 2676 2483 2742; x_wconf 89' lang='lat' dir='ltr'><strong>eis</strong></span> <span class='ocrx_word' id='word_1_167' title='bbox 2528 2697 2638 2743; x_wconf 88' lang='lat' dir='ltr'><strong>ma</strong></span> 
     </span>
     <span class='ocr_line' id='line_1_49' title="bbox 1911 2826 2713 2912; baseline 0 -17"><span class='ocrx_word' id='word_1_168' title='bbox 1911 2848 2033 2895; x_wconf 87' lang='lat' dir='ltr'><strong>nus</strong></span> <span class='ocrx_word' id='word_1_169' title='bbox 2078 2834 2145 2895; x_wconf 91' lang='lat' dir='ltr'><strong>et</strong></span> <span class='ocrx_word' id='word_1_170' title='bbox 2179 2826 2385 2912; x_wconf 87' lang='lat' dir='ltr'><strong>pedes</strong></span> <span class='ocrx_word' id='word_1_171' title='bbox 2431 2834 2497 2894; x_wconf 91' lang='lat' dir='ltr'><strong>et</strong></span> <span class='ocrx_word' id='word_1_172' title='bbox 2540 2829 2713 2895; x_wconf 85' lang='lat' dir='ltr'><strong>latus</strong></span> 
     </span>
    </p>
   </div>
   <div class='ocr_carea' id='block_1_21' title="bbox 1700 2977 2687 3073">
    <p class='ocr_par' dir='ltr' id='par_1_23' title="bbox 1700 2977 2687 3073">
     <span class='ocr_line' id='line_1_50' title="bbox 1700 2977 2687 3073; baseline 0.002 -27"><span class='ocrx_word' id='word_1_173' title='bbox 1700 2977 1850 3073; x_wconf 54' lang='lat'>501314</span> <span class='ocrx_word' id='word_1_174' title='bbox 1910 2978 2140 3046; x_wconf 84' lang='lat' dir='ltr'><strong>Gauisi</strong></span> <span class='ocrx_word' id='word_1_175' title='bbox 2184 2985 2337 3046; x_wconf 86' lang='lat' dir='ltr'><strong>sunt</strong></span> <span class='ocrx_word' id='word_1_176' title='bbox 2378 2999 2538 3065; x_wconf 78' lang='lat' dir='ltr'><strong>ergo</strong></span> <span class='ocrx_word' id='word_1_177' title='bbox 2583 2980 2687 3048; x_wconf 85' lang='lat' dir='ltr'><strong>dis</strong></span> 
     </span>
    </p>
   </div>
   <div class='ocr_carea' id='block_1_22' title="bbox 1749 3081 1828 3126">
    <p class='ocr_par' dir='ltr' id='par_1_24' title="bbox 1749 3081 1828 3126">
     <span class='ocr_line' id='line_1_51' title="bbox 1749 3081 1828 3126; baseline -0.013 0"><span class='ocrx_word' id='word_1_178' title='bbox 1749 3081 1828 3126; x_wconf 84' lang='lat' dir='ltr'><strong>sol</strong></span> 
     </span>
    </p>
   </div>
   <div class='ocr_carea' id='block_1_23' title="bbox 1734 3130 2771 3961">
    <p class='ocr_par' dir='ltr' id='par_1_25' title="bbox 1734 3130 2771 3674">
     <span class='ocr_line' id='line_1_52' title="bbox 1734 3130 2771 3218; baseline -0.003 -20"><span class='ocrx_word' id='word_1_179' title='bbox 1734 3133 1803 3198; x_wconf 85' lang='grc'><strong>21</strong></span> <span class='ocrx_word' id='word_1_180' title='bbox 1908 3133 2111 3218; x_wconf 79' lang='lat' dir='ltr'><strong>cipuli</strong></span> <span class='ocrx_word' id='word_1_181' title='bbox 2156 3132 2301 3199; x_wconf 91' lang='lat' dir='ltr'><strong>niso</strong></span> <span class='ocrx_word' id='word_1_182' title='bbox 2347 3130 2481 3197; x_wconf 75' lang='lat' dir='ltr'><strong>dno</strong></span> <span class='ocrx_word' id='word_1_183' title='bbox 2525 3131 2698 3199; x_wconf 89' lang='lat' dir='ltr'><strong>dixit</strong></span> <span class='ocrx_word' id='word_1_184' title='bbox 2754 3191 2771 3195; x_wconf 84' lang='lat'><strong>-</strong></span> 
     </span>
     <span class='ocr_line' id='line_1_53' title="bbox 1910 3284 2724 3370; baseline -0.002 -19"><span class='ocrx_word' id='word_1_185' title='bbox 1910 3305 2070 3370; x_wconf 82' lang='lat' dir='ltr'><strong>ergo</strong></span> <span class='ocrx_word' id='word_1_186' title='bbox 2110 3284 2207 3351; x_wconf 91' lang='lat' dir='ltr'><strong>eis</strong></span> <span class='ocrx_word' id='word_1_187' title='bbox 2251 3284 2422 3349; x_wconf 68' lang='lat' dir='ltr'><strong>iterii</strong></span> <span class='ocrx_word' id='word_1_188' title='bbox 2464 3303 2600 3367; x_wconf 88' lang='lat' dir='ltr'><strong>pax</strong></span> <span class='ocrx_word' id='word_1_189' title='bbox 2643 3305 2724 3350; x_wconf 93' lang='lat' dir='ltr'><strong>no</strong></span> 
     </span>
     <span class='ocr_line' id='line_1_54' title="bbox 1910 3413 2598 3505; baseline 0 -2"><span class='ocrx_word' id='word_1_190' title='bbox 1910 3413 2013 3504; x_wconf 70' lang='lat' dir='ltr'><strong>bis</strong></span> <span class='ocrx_word' id='word_1_191' title='bbox 2056 3436 2227 3503; x_wconf 82' lang='lat' dir='ltr'><strong>sient</strong></span> <span class='ocrx_word' id='word_1_192' title='bbox 2269 3458 2374 3505; x_wconf 88' lang='lat' dir='ltr'><strong>me</strong></span> <span class='ocrx_word' id='word_1_193' title='bbox 2418 3436 2598 3503; x_wconf 88' lang='lat' dir='ltr'><strong>misit</strong></span> 
     </span>
     <span class='ocr_line' id='line_1_55' title="bbox 1912 3588 2618 3674; baseline 0.003 -20"><span class='ocrx_word' id='word_1_194' title='bbox 1912 3595 2104 3673; x_wconf 87' lang='lat' dir='ltr'><strong>pater</strong></span> <span class='ocrx_word' id='word_1_195' title='bbox 2146 3595 2215 3657; x_wconf 85' lang='lat' dir='ltr'><strong>et</strong></span> <span class='ocrx_word' id='word_1_196' title='bbox 2258 3609 2384 3674; x_wconf 82' lang='lat' dir='ltr'><strong>ego</strong></span> <span class='ocrx_word' id='word_1_197' title='bbox 2429 3588 2618 3656; x_wconf 86' lang='lat' dir='ltr'><strong>mitto</strong></span> 
     </span>
    </p>

    <p class='ocr_par' dir='ltr' id='par_1_26' title="bbox 1744 3740 2749 3961">
     <span class='ocr_line' id='line_1_56' title="bbox 1744 3740 2749 3808; baseline 0 -2"><span class='ocrx_word' id='word_1_198' title='bbox 1744 3743 1827 3806; x_wconf 80' lang='lat'><strong>22</strong></span> <span class='ocrx_word' id='word_1_199' title='bbox 1913 3761 2031 3807; x_wconf 86' lang='lat' dir='ltr'><strong>nos</strong></span> <span class='ocrx_word' id='word_1_200' title='bbox 2076 3740 2218 3807; x_wconf 82' lang='lat' dir='ltr'><strong>haee</strong></span> <span class='ocrx_word' id='word_1_201' title='bbox 2259 3742 2341 3808; x_wconf 75' lang='grc' dir='ltr'><strong>οὖ</strong></span> <span class='ocrx_word' id='word_1_202' title='bbox 2387 3740 2667 3808; x_wconf 86' lang='lat' dir='ltr'><strong>dixisset</strong></span> <span class='ocrx_word' id='word_1_203' title='bbox 2712 3747 2749 3773; x_wconf 86' lang='grc'><strong>’-</strong></span> 
     </span>
     <span class='ocr_line' id='line_1_57' title="bbox 1913 3891 2591 3961; baseline -0.001 -2"><span class='ocrx_word' id='word_1_204' title='bbox 1913 3893 2276 3961; x_wconf 76' lang='lat' dir='ltr'><strong>insufflanit</strong></span> <span class='ocrx_word' id='word_1_205' title='bbox 2317 3899 2387 3961; x_wconf 88' lang='lat' dir='ltr'><strong>et</strong></span> <span class='ocrx_word' id='word_1_206' title='bbox 2428 3891 2591 3960; x_wconf 87' lang='lat' dir='ltr'><strong>dioit</strong></span> 
     </span>
    </p>
   </div>
   <div class='ocr_carea' id='block_1_24' title="bbox 1707 4032 2723 4130">
    <p class='ocr_par' dir='ltr' id='par_1_27' title="bbox 1707 4032 2723 4130">
     <span class='ocr_line' id='line_1_58' title="bbox 1707 4032 2723 4130; baseline -0.004 -15"><span class='ocrx_word' id='word_1_207' title='bbox 1707 4034 1750 4077; x_wconf 69' lang='lat'><strong>³⁰</strong></span> <span class='ocrx_word' id='word_1_208' title='bbox 1776 4032 1855 4128; x_wconf 61' lang='lat'><strong>31¹⁵</strong></span> <span class='ocrx_word' id='word_1_209' title='bbox 1915 4046 2012 4115; x_wconf 89' lang='lat' dir='ltr'><strong>eis</strong></span> <span class='ocrx_word' id='word_1_210' title='bbox 2056 4045 2356 4130; x_wconf 83' lang='lat' dir='ltr'><strong>Aooipite</strong></span> <span class='ocrx_word' id='word_1_211' title='bbox 2398 4056 2542 4130; x_wconf 79' lang='lat' dir='ltr'><strong>spffi</strong></span> <span class='ocrx_word' id='word_1_212' title='bbox 2589 4056 2723 4112; x_wconf 82' lang='lat' dir='ltr'><strong>som</strong></span> 
     </span>
    </p>
   </div>
   <div class='ocr_carea' id='block_1_25' title="bbox 1707 4133 1879 4179">
    <p class='ocr_par' dir='ltr' id='par_1_28' title="bbox 1707 4133 1879 4179">
     <span class='ocr_line' id='line_1_59' title="bbox 1707 4133 1879 4179; baseline 0.006 -1"><span class='ocrx_word' id='word_1_213' title='bbox 1707 4138 1782 4178; x_wconf 71' lang='lat' dir='ltr'><strong>mt</strong></span> <span class='ocrx_word' id='word_1_214' title='bbox 1799 4133 1879 4179; x_wconf 79' lang='lat'><strong>186</strong></span> 
     </span>
    </p>
   </div>
   <div class='ocr_carea' id='block_1_26' title="bbox 1739 4198 2566 4586">
    <p class='ocr_par' dir='ltr' id='par_1_29' title="bbox 1739 4198 2566 4586">
     <span class='ocr_line' id='line_1_60' title="bbox 1739 4198 2550 4285; baseline -0.006 -15"><span class='ocrx_word' id='word_1_215' title='bbox 1739 4204 1825 4270; x_wconf 81' lang='lat'><strong>23</strong></span> <span class='ocrx_word' id='word_1_216' title='bbox 1911 4202 2117 4285; x_wconf 78' lang='lat' dir='ltr'><strong>quoni</strong></span> <span class='ocrx_word' id='word_1_217' title='bbox 2162 4198 2550 4267; x_wconf 84' lang='lat' dir='ltr'><strong>remiseritis</strong></span> 
     </span>
     <span class='ocr_line' id='line_1_61' title="bbox 1912 4350 2535 4436; baseline -0.005 -18"><span class='ocrx_word' id='word_1_218' title='bbox 1912 4357 2186 4436; x_wconf 76' lang='lat' dir='ltr'><strong>peeoata</strong></span> <span class='ocrx_word' id='word_1_219' title='bbox 2226 4350 2535 4418; x_wconf 85' lang='lat' dir='ltr'><strong>remittnn</strong></span> 
     </span>
     <span class='ocr_line' id='line_1_62' title="bbox 1910 4501 2566 4586; baseline -0.003 -16"><span class='ocrx_word' id='word_1_220' title='bbox 1910 4511 2014 4570; x_wconf 86' lang='lat' dir='ltr'><strong>tur</strong></span> <span class='ocrx_word' id='word_1_221' title='bbox 2056 4501 2153 4570; x_wconf 90' lang='lat' dir='ltr'><strong>eis</strong></span> <span class='ocrx_word' id='word_1_222' title='bbox 2199 4511 2403 4586; x_wconf 77' lang='lat' dir='ltr'><strong>qnorn</strong></span> <span class='ocrx_word' id='word_1_223' title='bbox 2443 4503 2566 4569; x_wconf 86' lang='lat' dir='ltr'><strong>reti</strong></span> 
     </span>
    </p>
   </div>
   <div class='ocr_carea' id='block_1_27' title="bbox 1910 4653 2494 4723">
    <p class='ocr_par' dir='ltr' id='par_1_30' title="bbox 1910 4653 2494 4723">
     <span class='ocr_line' id='line_1_63' title="bbox 1910 4653 2494 4723; baseline -0.002 0"><span class='ocrx_word' id='word_1_224' title='bbox 1910 4653 2189 4723; x_wconf 73' lang='lat' dir='ltr'><strong>nuel-itis</strong></span> <span class='ocrx_word' id='word_1_225' title='bbox 2234 4661 2494 4722; x_wconf 84' lang='lat' dir='ltr'><strong>retenta</strong></span> 
     </span>
    </p>
   </div>
   <div class='ocr_carea' id='block_1_28' title="bbox 2216 4797 2407 4867">
    <p class='ocr_par' dir='ltr' id='par_1_31' title="bbox 2216 4797 2407 4867">
     <span class='ocr_line' id='line_1_64' title="bbox 2216 4797 2407 4867; baseline 0.016 -12"><span class='ocrx_word' id='word_1_226' title='bbox 2216 4797 2407 4867; x_wconf 75' lang='lat' dir='ltr'><strong>erunt</strong></span> 
     </span>
    </p>
   </div>
  </div>
 </body>
</html>
