3634 5717
722 665 844 731 170

921 828 1609 954 uestimentimentfiUJ·

753 1021 824 1084 17
914 1020 1040 1085 sufi
1088 1018 1228 1085 Uae
1272 1024 1423 1084 aute
1471 987 1673 1103 praeg'

749 1327 826 1391 18

755 1614 832 1678 19

741 2544 828 2607 20

632 3446 822 3518 ’21

741 3895 824 3958 22

924 1171 1189 1238 nantib'.
1235 1177 1304 1237 et
1347 1171 1660 1237 nutrienti

919 1323 976 1388 b'
1021 1323 1089 1388 in
1137 1322 1271 1389 illis
1316 1322 1486 1389 dieb'
1530 1322 1731 1390 Orate

921 1495 1082 1558 ergo
1126 1480 1199 1539 ut
1239 1474 1456 1542 hicme
1486 1496 1632 1542 mon

919 1626 1081 1692 fiant
1126 1627 1332 1692 Erunt
1377 1638 1484 1693 eni
1531 1627 1600 1693 di

919 1797 991 1843 es
1035 1778 1135 1843 illi
1175 1779 1619 1845 tribulationis

919 1930 1088 1995 tales
1134 1932 1361 2014 quales
1408 1952 1537 1997 non
1584 1934 1691 1999 fue
1772 1999 1781 2007 ,
1837 2002 1848 2009 ,

916 2087 1068 2146 runt
1111 2082 1196 2148 ab
1238 2080 1427 2149 initio
1467 2103 1621 2150 crea

917 2240 1078 2300 turae
1123 2240 1251 2317 quit
1290 2234 1586 2302 condidit

917 2384 994 2449 ds
1039 2386 1175 2468 usq'
1220 2407 1392 2452 nunc
1434 2388 1578 2471 neq'

918 2544 1109 2603 erunt
1151 2545 1302 2623 post
1338 2515 1486 2605 'haec
1531 2540 1614 2605 Et

917 2689 1045 2754 nisi
1090 2689 1214 2755 dns
1263 2690 1628 2757 breuiassct

915 2839 1057 2905 dies
1102 2861 1231 2906 non
1279 2841 1510 2908 fuisset
1553 2843 1652 2909 sal

913 3011 1000 3058 ua
1045 2993 1254 3059 omnis
1299 3014 1451 3059 caro
1496 2994 1615 3060 sed

914 3149 1179 3227 propter
1223 3145 1466 3211 electos
1512 3165 1674 3229 qvos
1711 3141 1720 3145 “

913 3282 1118 3378 elegit
1164 3296 1487 3363 breuiauit
1531 3297 1674 3364 dies

913 3446 996 3511 Et
1037 3452 1191 3512 tunc
1238 3446 1295 3513 si
1341 3448 1486 3531 quis
1538 3469 1622 3514 uo

913 3597 1013 3663 bis
1058 3596 1301 3664 dixerit
1343 3620 1497 3667 ecce
1540 3600 1650 3666 hic

911 3755 1014 3815 est
1056 3756 1180 3834 xps
1225 3771 1377 3818 ecce
1421 3752 1560 3818 illic
1603 3774 1688 3819 ne

910 3899 1324 4013 credideritis
1370 3903 1547 3969 Exur

909 4058 1069 4136 gent
1112 4065 1220 4118 cni
1265 4053 1634 4140 psendoxpi

907 4210 974 4270 et
1018 4203 1608 4290 pseudoprophetae

906 4362 973 4422 et
1017 4355 1268 4422 dabunt
1310 4356 1505 4447 signs
1549 4367 1617 4424 et

906 4507 1217 4592 prodigia
1259 4507 1344 4575 ad
1389 4509 1675 4576 seducen

903 4656 1022 4723 dos
1067 4658 1122 4723 si
1170 4659 1312 4725 fieri
1356 4667 1575 4745 potest
1618 4682 1654 4726 e

1074 4792 1169 4858 tis
1212 4795 1457 4862 electos

1840 664 2034 732 Mro
2084 664 2163 731 13

2243 887 2361 934 uos
2406 887 2563 952 ergo
2607 868 2828 935 uidete
2874 889 2951 935 ec

2245 1038 2319 1084 ce
2364 1019 2644 1104 praedixi
2690 1019 2878 1087 uobis
2917 1021 3139 1088 omnia

2067 1157 2154 1220 24
2243 1170 2374 1237 Sed
2421 1170 2487 1235 in
2535 1171 2668 1237 illis
2717 1171 2885 1238 dicb'
2932 1183 3082 1258 post

2245 1323 2668 1390 tribulatione
2717 1323 2833 1390 illfi.
2937 1340 2945 1347 ·

2245 1474 2346 1541 sol
2393 1476 2846 1542 obscurabitur

2247 1633 2313 1693 et
2356 1628 2515 1694 luna
2561 1648 2691 1694 non
2737 1628 2924 1694 dabit
2964 1629 3153 1713 splen

2064 1767 2149 1831 25
2238 1776 2397 1844 dore
2441 1781 2565 1846 suti
2608 1786 2674 1846 et
2722 1786 2914 1846 erunt

2241 1930 2474 1996 stellae
2517 1933 2662 1997 caeli
2706 1931 2984 1999 deciden

2243 2088 2343 2148 tes
2387 2089 2454 2149 et
2497 2083 2774 2151 uirtutes
2818 2104 2912 2150 cae

2239 2233 2440 2300 lestifi
2486 2202 2917 2302 mobebuntur

2065 2381 2150 2443 26
2239 2384 2324 2449 Et
2367 2397 2521 2452 tnnc
2565 2386 2882 2455 uidebunt

2238 2535 2378 2601 filifi
2426 2537 2713 2606 hominis
2757 2540 2910 2606 ucni

2239 2694 2391 2754 ente
2436 2689 2504 2754 in
2552 2661 2769 2757 nubib'
2813 2713 2957 2758 cum

2238 2838 2481 2908 uirtute
2523 2863 2771 2927 magna
2813 2850 2879 2910 et

2059 2990 2140 3054 27
2229 2992 2446 3074 gloria
2488 2994 2572 3060 Et
2614 3001 2768 3062 tunc
2811 2994 2931 3060 mit

2238 3143 2319 3208 tit
2361 3146 2638 3228 angelos
2683 3166 2835 3213 suos
2879 3156 2948 3213 et

2234 3296 2668 3380 congregabit
2711 3298 2851 3370 elec

2232 3452 2336 3511 tos
2380 3466 2533 3513 suos
2577 3468 2620 3514 a
2663 3456 2966 3531 quattuor

2232 3598 2447 3664 uentis
2493 3620 2534 3665 a
2576 3601 2766 3666 sumo
2807 3607 2907 3666 ter

2231 3772 2322 3817 rae
2361 3752 2498 3834 usq’
2542 3749 2628 3816 ad
2673 3752 2866 3816 sumn
2911 3771 3006 3816 cae

2061 3906 2144 3970 28
2229 3905 2372 3970 lorfi
2421 3923 2463 3968 a
2504 3901 2633 3967 ficfi
2679 3907 2831 3968 aute
2877 3901 2980 3968 dis

2229 4056 2359 4123 cite
2403 4053 2719 4140 parabola
2762 4072 2907 4118 cum

2228 4208 2358 4273 iam
2402 4225 2621 4273 ramus
2658 4205 2800 4271 eius
2845 4211 2912 4271 te

2229 4379 2344 4424 ner
2386 4359 2584 4424 fuerit
2628 4365 2695 4424 et
2739 4364 2898 4424 nata

2226 4509 2466 4576 fuerint
2508 4510 2670 4577 folia
2712 4530 2838 4594 cog

2224 4661 2495 4728 noscitis
2542 4661 2698 4744 quia
2736 4662 2800 4726 in
2849 4680 3014 4744 prox

2052 4797 2136 4863 29
2223 4797 2357 4862 imo
2403 4797 2492 4871 sit
2535 4802 2731 4862 nestas
2773 4795 2874 4861 sic·
