3634 5717
682 629 687 634 ’
778 654 966 714 xxx

955 841 1000 902 O
1049 851 1103 917 5,
1162 850 1183 900 l
1236 863 1324 913 vg.
1372 852 1676 918 vener-unt,
1722 863 1847 901 eur.
1895 853 2161 904 veniunt
2205 865 2250 904 c.
2299 864 2366 924 γ.
2400 879 2482 886 -
2514 845 2570 902 V
2607 850 2639 900 9
2672 862 2763 914 vg.
2797 851 2860 900 et
2903 840 3048 899 dicit
3090 840 3166 914 ei,
3212 860 3333 900 aur.

785 926 899 1006 qui
945 925 1351 1006 responden-s·
1398 925 1569 996 dixit
1614 946 1661 987 c,
1711 948 1741 986 c
1764 947 1830 1008 γ.
1902 962 1984 968 -
2049 927 2109 986 V
2161 934 2231 987 13
2280 949 2371 1003 vg.
2420 929 2728 1004 concessit,
2773 947 2897 986 aur.
2933 921 3248 1003 permisit
3287 945 3334 983 c.

782 1013 819 1071 b
843 1033 874 1072 e
898 1016 917 1071 i
940 1034 1008 1095 γ.
1074 1048 1160 1055 -
1225 1012 1284 1070 V
1336 1016 1408 1070 14
1456 1033 1545 1086 vg.
1594 1014 1811 1085 egressi
1857 1022 2012 1087 sunt,
2082 1034 2204 1073 aur.
2254 1031 2549 1091 cyressae
2594 1021 2731 1070 sunt
2775 1007 3002 1071 turbae
3046 1031 3095 1071 c.
3141 1030 3208 1090 γ.
3261 1043 3338 1050 -

783 1098 840 1156 V
892 1104 962 1157 15
1010 1118 1102 1170 vg.
1149 1117 1321 1156 sanae
1366 1099 1597 1173 mentis,
1644 1119 1767 1157 aur.
1800 1118 1975 1157 sanae
2004 1100 2217 1158 mentis
2257 1097 2373 1178 qui
2400 1096 2716 1161 habuerat
2760 1093 3072 1175 leyionem
3116 1115 3166 1153 c.
3198 1094 3239 1154 δ
3261 1114 3338 1174 γ’,

781 1204 871 1254 vg.
923 1186 1262 1256 timuerunt,
1309 1203 1432 1244 eur.
1483 1185 1606 1244 tim.
1654 1179 1844 1243 valde
1889 1203 1936 1244 c.
1985 1204 2107 1264 cy.
2143 1219 2225 1226 -—
2270 1183 2327 1243 V
2380 1190 2453 1243 19
2500 1203 2590 1257 vg.
2640 1192 2703 1243 et
2743 1201 2858 1240 non
2903 1179 3145 1240 admisit
3185 1200 3340 1254 eum,

782 1289 907 1329 aur.
955 1264 1151 1330 Iesus
1192 1284 1344 1329 vero
1411 1286 1544 1328 non
1590 1265 1906 1345 permisit
1948 1266 2009 1330 ei
2053 1289 2100 1329 c.
2150 1264 2418 1350 odf17.
2488 1304 2571 1312 —
2614 1268 2676 1326 V.
2722 1273 2800 1326 20
2846 1286 2937 1337 vg.
2985 1275 3050 1324 et
3090 1265 3238 1323 abiit
3281 1275 3344 1324 et

780 1355 992 1426 eoepit,
1038 1374 1158 1413 aur.
1208 1349 1322 1414 ille
1366 1369 1517 1414 vero
1557 1369 1858 1431 cyressus
1903 1355 2098 1425 coepit
2140 1377 2189 1416 c.
2237 1376 2268 1414 c
2290 1374 2355 1434 γ.
2383 1389 2469 1398 —
2497 1354 2554 1412 V
2603 1361 2671 1413 21
2727 1373 2816 1423 vg.
2866 1350 3343 1426 transcendisset,

782 1460 904 1501 eur.
955 1436 1342 1512 transissem
1386 1458 1476 1511 vg.
1525 1447 1588 1496 et
1631 1447 1758 1495 erat
1801 1438 1957 1496 circa
1999 1459 2178 1516 mare,
2225 1460 2348 1501 aur.
2396 1441 2551 1499 circa
2591 1459 2751 1498 mare
2797 1439 2887 1511 (et
2930 1445 3060 1494 erat
3101 1438 3242 1508 om.)
3291 1456 3341 1495 c.

785 1524 880 1583 df
887 1521 907 1557 ¹
933 1524 970 1584 i.
1019 1558 1101 1564 —-
1145 1523 1203 1581 V
1254 1530 1328 1580 23
1375 1543 1467 1595 vg.
1515 1524 1697 1598 vivat,
1742 1543 1865 1583 aur.
1914 1521 2084 1586 vivet
2127 1546 2176 1585 c.
2224 1546 2326 1586 ce.
2375 1560 2458 1567 —-
2523 1525 2582 1584 V
2630 1531 2707 1583 24
2754 1544 2844 1595 vg.
2897 1524 3077 1596 (var.)
3124 1541 3342 1592 compr.

781 1609 964 1684 illum,
1011 1630 1132 1669 aur.
1181 1628 1396 1679 compr.
1445 1624 1591 1670 cum
1634 1628 1681 1668 c.
1731 1628 1837 1669 ac.
1887 1643 1969 1650 —-
2013 1608 2072 1667 V
2119 1619 2196 1669 26
2243 1632 2334 1683 vg.
2383 1630 2689 1686 perpessa,
2735 1628 2859 1669 aur.
2895 1623 3108 1684 passa
3153 1626 3201 1666 c.
3249 1605 3346 1666 ab

786 1694 879 1754 de
902 1695 938 1755 i.
968 1728 1047 1735 —
1075 1692 1133 1750 V
1184 1699 1260 1752 28
1309 1713 1399 1766 vg.
1446 1694 1495 1751 si
1541 1692 1634 1751 vel
1677 1694 2091 1753 vestimentum
2136 1697 2262 1755 eius
2308 1696 2576 1770 tetigero,
2624 1716 2745 1756 aur.
2796 1690 2858 1755 Si
2903 1692 3149 1764 tetigero
3192 1702 3344 1751 vest.

784 1781 912 1838 eins
957 1800 1006 1839 c.
1056 1774 1285 1837 cdef¹
1334 1778 1645 1854 (adtigero,
1692 1781 1950 1852 tangam)
2000 1779 2058 1838 δ.
2123 1814 2206 1824 -
2266 1782 2323 1840 V
2372 1788 2450 1841 30
2505 1802 2597 1853 vg.
2658 1789 2721 1839 et
2764 1780 2965 1838 statim
3010 1777 3177 1836 Iesus
3221 1798 3350 1849 cog-

785 1885 1025 1924 noscens
1073 1866 1128 1922 in
1176 1872 1362 1922 semet
1405 1863 1554 1935 ipso.
1600 1884 1723 1921 aur.
1759 1863 2056 1941 coynovit
2097 1869 2309 1928 autem
2339 1865 2453 1927 Ies.
2502 1887 2551 1927 c.
2599 1886 2630 1925 c
2654 1886 2686 1925 c
2709 1866 2744 1923 f
2750 1861 2772 1897 ¹
2797 1865 2815 1922 i
2839 1883 2906 1943 γ.
2938 1896 3021 1905 -
3050 1862 3109 1921 V
3142 1868 3212 1920 31
3251 1883 3346 1934 vg.

783 1961 846 2009 et
890 1949 1159 2009 dicebant
1201 1950 1276 2024 ei,
1323 1969 1446 2010 aur.
1496 1945 1802 2008 dixerunt
1834 1951 2046 2009 autem
2090 1971 2138 2012 c.
2187 1973 2218 2010 c
2242 1971 2306 2030 γ.
2342 1987 2426 1993 --
2455 1950 2514 2008 V
2548 1958 2622 2010 35
2649 1972 2741 2023 vg.
2786 1949 3032 2008 veniunt
3060 1947 3131 2007 ab
3162 1948 3351 2006 erchi-

784 2055 1103 2118 synagogo,
1157 2055 1280 2094 aur.
1330 2035 1644 2095 venerunt
1689 2031 1775 2095 ad
1807 2031 2186 2112 principem
2225 2054 2587 2116 synayoyae
2632 2057 2680 2096 c.
2727 2035 2933 2107 bc(e)
2959 2029 3116 2105 f¹g²
3145 2053 3212 2113 γ.
3261 2066 3349 2075 -

784 2120 842 2179 V
891 2128 964 2179 36
1013 2141 1103 2193 vg.
1152 2119 1352 2179 andito
1397 2118 1574 2178 verbo
1605 2118 1758 2191 qnod
1789 2118 2113 2196 dicebatur,
2159 2142 2282 2182 aur.
2316 2122 2517 2181 audito
2546 2117 2666 2183 hoc
2709 2120 2886 2180 verbo
2931 2140 2979 2180 c.
3028 2139 3059 2177 c
3081 2118 3119 2177 d
3143 2118 3226 2177 fi.
3261 2151 3351 2160 —

782 2206 842 2264 V
890 2214 964 2264 39
1012 2227 1100 2279 vg.
1151 2217 1212 2264 et
1256 2204 1529 2278 ploratis,
1577 2224 1697 2264 aur.
1748 2211 1810 2262 et
1854 2202 2016 2282 quid
2057 2205 2301 2278 ploratis
2346 2228 2395 2268 c.
2442 2206 2721 2287 bdfiy.
2770 2238 2853 2248 —-
2896 2204 2955 2263 V
3001 2209 3079 2261 40
3125 2224 3215 2273 vg.
3264 2204 3350 2261 in-

781 2292 1065 2367 greditur,
1111 2312 1234 2352 aur.
1282 2287 1743 2369 inyrediuntur
1788 2310 1837 2348 c.
1885 2288 1985 2351 16.
2019 2326 2103 2332 ——-
2142 2291 2202 2349 V
2249 2297 2320 2350 41
2372 2312 2463 2364 vg.
2511 2291 2744 2369 taliam,
2789 2310 2912 2350 aur.
2962 2285 3250 2349 thabitha
3295 2309 3350 2349 c.

674 2426 681 2431 .
789 2376 1103 2436 abcdil.

956 2461 1002 2521 C
1053 2470 1110 2541 6,
1163 2468 1186 2520 1
1240 2483 1331 2534 vg.
1380 2461 1513 2520 inde
1558 2460 1725 2538 abiit,
1772 2481 1896 2522 aur.
1945 2460 2080 2521 inde
2121 2461 2297 2525 venit
2342 2484 2390 2524 c.
2438 2481 2573 2544 ⁸73
2629 2481 2717 2533 vg.
2770 2462 2948 2532 (var.)
2995 2477 3115 2531 seq.
3162 2458 3353 2534 illum,

785 2568 908 2607 aur.
957 2566 1074 2620 seq.
1128 2564 1270 2608 eum
1317 2569 1366 2609 c.
1414 2545 1642 2626 af173
1687 2567 1778 2617 vg.
1829 2546 2034 2618 discip.
2083 2549 2194 2625 sui,
2241 2569 2365 2607 aur.
2413 2548 2618 2619 discip.
2666 2543 2811 2607 eius
2853 2566 2902 2604 c.
2951 2544 3052 2606 df.
3101 2578 3182 2587 —
3220 2544 3276 2603 V
3315 2553 3352 2603 2

782 2652 872 2705 vg.
921 2642 983 2691 et
1028 2633 1183 2691 facto
1227 2632 1469 2692 sabbato
1515 2632 1736 2702 eoepit„
1804 2652 1928 2693 aur.
1977 2633 2038 2692 et
2083 2630 2293 2711 coepit
2337 2630 2629 2695 sabbati-s·
2674 2652 2722 2688 c.
2769 2650 2889 2710 cy.
2939 2663 3018 2671 —
3068 2629 3123 2688 V
3173 2637 3204 2688 3
3253 2650 3351 2701 vg.

784 2737 970 2776 nonne
1018 2718 1129 2775 iste
1174 2726 1267 2775 est
1310 2717 1476 2776 faber
1516 2714 1671 2774 filins
1718 2716 1953 2791 mariae,
2000 2737 2123 2777 aur.
2171 2739 2358 2778 nonne
2387 2715 2492 2780 hic
2532 2726 2625 2777 est
2651 2712 2830 2795 fabri
2858 2714 3011 2774 filius
3043 2717 3102 2777 et
3130 2716 3352 2774 mariae

784 2822 833 2859 c.
880 2796 1170 2873 abceg¹
1194 2802 1265 2873 g2
1298 2800 1382 2861 ἰδ
1430 2811 1507 2880 (γ
1549 2800 1674 2870 hic)
1722 2809 1839 2872 gat.
1888 2821 2021 2860 mm.
2091 2838 2174 2844 —
2231 2803 2290 2862 V
2338 2814 2371 2863 6
2420 2826 2510 2876 vg.
2561 2802 2811 2876 illorum,
2857 2821 2979 2861 aur.
3029 2818 3252 2863 eorum
3297 2822 3349 2862 c.

787 2886 956 2966 ily3
1023 2908 1116 2959 vg.
1163 2887 1533 2961 circumibat,
1602 2905 1725 2946 aur.
1777 2883 2095 2948 circuibat
2138 2909 2185 2950 c.
2250 2886 2846 2966 abdefg2i167.
2914 2920 2999 2929 —
3063 2885 3122 2944 V
3172 2889 3204 2944 7
3252 2907 3346 2959 vg.

787 2973 966 3047 (var.)
1013 2973 1374 3049 convocavit,
1442 2992 1564 3032 aur.
1612 2969 1865 3032 vocavit
1906 2992 1953 3032 c.
2001 2991 2079 3051 y3
2147 2973 2341 3051 dabat,
2397 2995 2520 3033 aur.
2569 2971 2738 3034 dans
2782 2991 2832 3029 c.
2881 2972 3029 3030 cde
3059 2967 3124 3029 fl
3147 2992 3216 3052 γ.
3263 3007 3352 3014 —

785 3056 842 3114 V
895 3064 967 3117 10
1014 3079 1103 3131 vg.
1152 3057 1273 3117 illic
1317 3066 1569 3132 manete,
1615 3076 1738 3114 aur.
1784 3052 1880 3117 ibi
1923 3068 2169 3122 manete.
2199 3078 2247 3119 e.
2295 3060 2500 3119 abcf
2507 3057 2547 3120 ¹.
2581 3092 2664 3099 —
2695 3056 2754 3115 V
2791 3063 2861 3115 13
2895 3077 2986 3128 vg.
3032 3056 3350 3134 ungebant,

784 3163 906 3203 aur.
953 3145 1304 3222 unyventes
1349 3164 1397 3204 c.
1444 3142 1483 3202 b
1507 3141 1605 3201 di.
1650 3175 1729 3183 —
1776 3140 1834 3198 V
1887 3146 1958 3200 14
2006 3162 2095 3217 vg.
2147 3155 2209 3203 et
2252 3145 2480 3204 audivit
2522 3164 2625 3203 rex
2655 3141 2824 3219 Her.7
2870 3162 2993 3202 aur.
3041 3159 3185 3204 cum
3231 3159 3350 3204 au—

787 3225 993 3290 disset
1034 3231 1246 3289 autem
1278 3225 1437 3289 Her.
1470 3244 1590 3288 rex
1629 3244 1674 3286 c.
1725 3247 1756 3286 c
1778 3246 1857 3307 γτ,
1903 3248 1990 3299 vg.
2040 3230 2236 3291 manif.
2272 3232 2427 3289 enim
2471 3231 2608 3289 fact.
2640 3237 2734 3287 est
2777 3248 2981 3287 nomen
3028 3227 3174 3304 eius,
3220 3248 3347 3289 aur.

784 3314 979 3375 manif.
1027 3314 1183 3373 enim
1228 3311 1289 3375 ei
1330 3311 1548 3392 fuerat
1591 3333 1797 3372 nomen
1843 3308 2004 3373 Iesu
2048 3332 2095 3375 c.
2144 3335 2176 3373 c
2197 3336 2276 3396 νς
2322 3336 2409 3387 vg.
2457 3325 2520 3374 et
2549 3323 2788 3387 propter
2817 3333 2904 3391 ea,
2950 3334 3073 3374 aur.
3108 3323 3170 3371 et
3195 3310 3350 3374 ideo

784 3421 832 3460 c.
882 3395 1148 3478 acf¹y.
1216 3433 1302 3441 —-
1366 3398 1425 3457 V
1480 3405 1549 3457 16
1596 3419 1685 3471 vg.
1735 3398 2064 3476 iohannem,
2123 3421 2246 3459 aur.
2293 3396 2620 3462 iohannem
2664 3419 2711 3458 c.
2761 3398 2800 3459 f.
2876 3432 2956 3441 —
3021 3397 3080 3457 V
3133 3400 3204 3456 17
3253 3418 3347 3470 vg.

781 3485 985 3561 vincit,
1030 3504 1153 3544 aur.
1203 3480 1498 3563 alliyavit
1540 3504 1587 3544 c.
1638 3479 2051 3565 acdffliy.
2083 3519 2170 3528 —
2197 3485 2256 3545 V
2291 3492 2368 3546 20
2414 3506 2504 3558 vg.
2550 3484 2798 3544 herodes
2844 3485 3017 3561 enim,
3063 3504 3186 3545 aur.
3218 3484 3345 3546 her.

784 3586 932 3632 vero
979 3589 1025 3630 c.
1076 3589 1107 3628 c
1130 3589 1212 3649 y3
1257 3590 1348 3642 vg.
1397 3580 1458 3628 et
1503 3568 1870 3629 custodiebat
1915 3589 2049 3628 eum
2092 3580 2152 3629 et
2197 3571 2398 3630 audito
2443 3592 2512 3631 eo
2554 3570 2740 3630 multa.
2768 3569 3022 3629 faciebat
3066 3579 3128 3628 et
3170 3569 3349 3629 liben-

784 3664 895 3730 ter,
941 3675 1064 3716 aur.
1112 3662 1174 3713 et
1205 3651 1582 3716 observabat
1611 3675 1743 3713 eum
1774 3663 1836 3713 et
1875 3671 2018 3716 cum
2050 3653 2343 3718 audisset
2370 3653 2560 3717 illum
2592 3652 2795 3717 multa
2823 3652 3036 3734 facere
3072 3651 3345 3716 libenter

782 3760 829 3800 c.
879 3759 924 3799 c.
975 3760 1080 3819 cy
1124 3741 1367 3813 (partim
1413 3761 1462 3799 c.
1510 3739 1648 3812 ab).
1682 3775 1764 3782 —
1792 3738 1853 3796 V
1888 3745 1961 3797 21
2015 3761 2105 3812 vg.
2153 3750 2215 3799 ct
2259 3762 2389 3800 cnm
2434 3741 2580 3817 dies,
2625 3761 2748 3800 aur.
2795 3761 2925 3800 cum
2971 3740 3098 3799 dies
3131 3742 3344 3803 autem

782 3845 831 3885 c.
880 3825 1072 3906 cdy3
1117 3846 1208 3898 vg.
1256 3845 1491 3911 caenam
1537 3825 1699 3892 fecit.
1744 3845 1868 3885 aur.
1916 3825 2060 3883 fecit
2103 3845 2337 3885 caenam
2382 3843 2685 3906 maynam
2728 3847 2777 3886 c.
2826 3846 2947 3906 cy.
3006 3860 3092 3867 —
3159 3825 3216 3883 V
3266 3831 3345 3882 22

782 3930 872 3982 vg.
923 3910 1108 3982 ipsius
1151 3908 1507 3986 herodiadis,
1553 3931 1676 3969 aur.
1727 3910 1942 3982 (ipsius
1987 3910 2184 3984 omis.)
2232 3931 2279 3972 c.
2327 3911 2365 3971 b
2389 3932 2420 3970 c
2443 3912 2478 3970 f
2482 3932 2498 3986 τ,
2565 3932 2654 3984 vg.
2704 3931 2827 3986 rex,
2872 3931 2996 3972 eur.
3045 3912 3198 3971 tunc
3242 3930 3348 3969 rex

781 4015 830 4056 c.
879 4015 997 4076 cy.
1046 4029 1131 4037 ——
1176 3994 1233 4052 V
1282 4003 1355 4054 23
1405 4015 1495 4067 vg.
1545 3994 1844 4070 quiequid,
1891 4015 2014 4053 aur.
2064 3993 2510 4075 quodcumque
2554 4018 2602 4058 c.
2651 3991 2968 4076 abcf¹y.
3027 4029 3111 4038 —
3157 3995 3214 4053 V
3264 4002 3340 4054 25

783 4102 873 4154 vg.
923 4099 1167 4153 cumque
1213 4081 1438 4139 introis.
1489 4080 1690 4139 statim
1737 4097 1867 4138 cum
1913 4080 2284 4140 festmatione
2328 4081 2402 4140 ad
2447 4101 2640 4154 regem
2685 4082 2898 4154 petivit
2940 4080 3168 4156 dicens,
3213 4079 3347 4139 volo

782 4175 851 4224 ut
892 4166 1160 4238 protinus
1206 4165 1309 4225 des
1353 4165 1497 4223 mihi
1541 4165 1601 4223 in
1647 4164 1807 4224 disco
1854 4175 2030 4237 caput
2073 4165 2212 4244 ioh.,
2280 4187 2401 4227 aur.
2473 4163 2593 4227 illa
2658 4169 2870 4227 autem
2913 4161 3214 4244 inyressa
3262 4164 3350 4226 ad

779 4268 992 4329 reyem
1060 4247 1397 4328 confestim
1449 4247 1621 4326 petit
1686 4246 1815 4311 sibi
1883 4247 2035 4313 dari
2097 4247 2170 4312 in
2225 4249 2408 4312 disco
2454 4268 2593 4329 cap.
2639 4248 2766 4311 ioh.
2828 4271 2875 4310 c.
2925 4271 2956 4309 c
3002 4250 3131 4323 (qui
3177 4251 3343 4312 omit.

780 4335 1115 4410 confestim)
1161 4355 1227 4415 γ.
1262 4370 1344 4377 -
1373 4334 1432 4393 V
1480 4341 1556 4393 28
1604 4355 1694 4406 vg.
1744 4335 1907 4394 dedit
1951 4335 2097 4395 illud
2139 4336 2386 4412 puellae,
2432 4356 2554 4397 aur.
2606 4337 2795 4410 (omit.
2843 4334 3015 4408 illud)
3064 4353 3112 4393 c.
3155 4334 3193 4394 b
3215 4352 3248 4393 c
3273 4334 3344 4412 63

781 4442 870 4493 vg.
921 4431 983 4480 et
1026 4420 1218 4492 puella
1261 4420 1445 4498 dedit,
1512 4440 1635 4481 aur.
1706 4417 1826 4481 illa
1874 4424 2084 4483 autem
2130 4421 2295 4480 dedit
2338 4442 2386 4480 c.
2436 4442 2467 4480 c
2488 4443 2540 4503 γ
2584 4421 2680 4496 (bt
2729 4420 2924 4493 puella
2966 4429 3211 4494 antem).
3259 4455 3346 4463 —

780 4505 839 4564 V
888 4512 965 4566 30
1013 4526 1102 4578 vg.
1150 4515 1212 4564 et
1255 4507 1664 4565 convenientes
1710 4506 1980 4583 apostoli,
2025 4527 2150 4566 aur.
2198 4508 2258 4567 et
2297 4505 2548 4568 reversi
2591 4528 2640 4568 c.
2688 4527 2807 4587 cy.
2877 4539 2960 4547 ——
3016 4505 3078 4563 V
3125 4512 3196 4564 31
3249 4526 3344 4579 vg.

783 4593 882 4664 qui
927 4591 1237 4651 veniebant
1280 4600 1343 4650 et
1385 4591 1690 4652 rediebant
1733 4591 1923 4669 multi,
1968 4613 2091 4654 eur.
2140 4589 2411 4669 quidam·
2441 4595 2665 4654 euntes
2696 4594 2756 4653 et
2784 4589 3128 4653 redeuntes
3173 4610 3223 4650 c.
3257 4590 3293 4649 f
3300 4586 3344 4651 ¹.

783 4710 864 4720 —
908 4676 967 4735 V
1015 4683 1092 4736 32
1136 4696 1229 4750 vg.
1276 4677 1653 4737 ascendentes
1699 4678 1758 4736 in
1803 4698 2041 4756 navem,
2108 4697 2232 4738 aur.
2280 4676 2658 4737 ascendentes
2702 4677 2763 4738 in
2808 4672 2962 4740 navi
3006 4695 3054 4737 c.
3103 4673 3343 4735 acdf¹
