3634 5717
376 687 498 754 Fol
542 688 627 753 99
1501 683 1594 750 Lc
1636 682 1688 751 G
1736 685 1769 749 1
2029 736 2052 743 -
2795 684 2918 753 195

580 886 652 953 it.
695 887 1045 955 benedicta
1085 891 1156 952 ιιι
1200 884 1372 953 inter
1454 946 1469 953 -
1890 890 2125 970 potens
2171 891 2275 952 est
2316 891 2385 952 et
2425 895 2558 952 scm
2605 906 2844 954 nomen

582 1040 889 1107 mulieres
929 1045 997 1107 et
1037 1036 1317 1106 benedic
1716 1040 1804 1105 50
1892 1037 2051 1106 eius.
2097 1043 2164 1105 et
2206 1037 2662 1105 misericordia

580 1199 685 1260 tus
726 1193 973 1261 fructus
1012 1189 1262 1260 uentris
1897 1189 2037 1257 eius
2083 1189 2151 1256 in
2196 1190 2534 1275 progeniae
2578 1196 2644 1257 et
2685 1211 2803 1276 pro

412 1340 497 1406 43
584 1345 680 1413 tui
724 1351 791 1412 et
831 1346 1008 1414 unde
1049 1344 1176 1412 hoc
1217 1340 1379 1408 mihi
1423 1346 1497 1407 ιιι
1896 1343 2110 1428 geniae
2157 1342 2477 1410 timentib'
2521 1346 2624 1413 efi.

585 1456 833 1567 ueniat·
852 1505 1062 1567 mater
1104 1495 1221 1563 dili
1265 1494 1395 1564 mei
1722 1500 1802 1564 51
1893 1496 2081 1564 Fecit
2124 1497 2486 1581 potentiam
2533 1497 2600 1564 in
2649 1498 2770 1565 bra

414 1647 501 1711 44
585 1650 674 1718 ad
716 1656 821 1719 me
865 1671 1018 1718 ecce
1061 1611 1237 1718 enim
1280 1654 1353 1715 ιιι
1395 1647 1503 1715 fac
1897 1648 2045 1716 ehio
2089 1667 2206 1716 suo
2251 1648 2565 1735 dispersit
2605 1670 2682 1717 su

526 1898 531 1905 ἱ
584 1811 658 1872 ta
699 1810 801 1874 est
840 1825 972 1872 uox
1015 1801 1325 1872 salutatio
1896 1803 2133 1888 perbos
2179 1809 2396 1871 mente
2438 1803 2655 1871 cordis

585 1959 690 2026 nis
734 1964 887 2027 tuae
930 1958 1001 2025 in
1046 1955 1249 2023 aurib'
1286 1953 1449 2023 meis
1723 1942 1809 2007 52
1897 1955 2207 2041 ipsorum.
2251 1956 2559 2042 deposuit

587 2111 908 2180 exultauit
951 2111 1019 2177 in
1065 2107 1310 2194 gaudio
1354 2107 1423 2173 in
1898 2115 2200 2194 potentes
2244 2108 2329 2176 de
2371 2109 2531 2178 sede
2576 2116 2644 2178 et

415 2259 501 2327 45
585 2266 735 2333 fans
778 2265 847 2332 in
890 2270 1075 2334 utero
1120 2271 1266 2330 meo
1313 2267 1381 2329 et
1724 2249 1810 2317 53
1897 2224 2219 2328 exaltauit
2261 2261 2560 2330 humiles.
2606 2265 2740 2330 Esv

546 2376 551 2382 ι
587 2417 938 2487 benedicta
982 2436 1151 2501 quae
1194 2436 1303 2483 ere
1898 2414 2166 2482 rientes‘
2188 2415 2470 2500 inpleuit
2511 2417 2595 2483 bo

589 2570 819 2638 didisti
864 2578 951 2654 qil
996 2568 1307 2655 perfieien
1900 2566 2004 2634 nis
2049 2573 2116 2634 et
2157 2566 2397 2635 diuites
2443 2567 2694 2636 dimisit

587 2730 693 2790 tur
736 2743 819 2791 ea
859 2741 1002 2806 quae
1045 2722 1229 2789 dicta
1268 2720 1443 2787 sunt'
1725 2709 1814 2776 54
1899 2720 2152 2788 inanes.
2194 2720 2503 2808 Suscepit
2545 2721 2601 2787 is

418 2873 506 2938 46
588 2876 710 2943 tibi
755 2897 797 2945 a
838 2875 971 2943 diro
1018 2881 1084 2943 et
1126 2875 1221 2941 ait
1264 2872 1474 2940 maria
1899 2875 2085 2943 rahel
2129 2895 2402 2960 puerum
2445 2876 2567 2942 sud

588 3029 974 3115 Magnificat
1015 3027 1239 3096 anima
1281 3046 1386 3093 me
1900 3026 2278 3121 recordatus
2323 3029 2662 3096 misericor

418 3179 501 3244 47
591 3202 634 3249 a
677 3182 853 3249 dfim.
897 3188 963 3249 et
1007 3180 1327 3248 exultauit
1369 3184 1484 3263 sps
1725 3169 1812 3235 55
1902 3181 2054 3249 diae
2097 3202 2277 3252 suae.
2322 3182 2492 3249 sicut
2533 3144 2708 3249 locu·

526 3396 533 3403 ,
594 3354 778 3402 meus
819 3334 887 3401 in
930 3333 1016 3401 do
1061 3332 1336 3400 salutari
1380 3314 1387 3319 ⁸
1900 3340 2004 3401 tus
2053 3341 2155 3401 est
2198 3334 2285 3401 ad
2328 3341 2550 3421 patres
2596 3353 2716 3401 nos
2833 3416 2836 3421 Ι

417 3486 500 3551 48
587 3508 753 3556 meo.
800 3488 955 3574 quia
998 3486 1291 3571 respexit
1330 3484 1421 3551 hv
1900 3493 2035 3553 tros
2078 3487 2395 3555 abraham
2439 3494 2505 3553 et
2545 3486 2710 3554 semi

588 3640 934 3709 militatem
979 3639 1263 3706 ancillae
1303 3658 1381 3705 sv
1901 3640 1969 3705 ni
2015 3640 2155 3706 eius
2194 3631 2335 3722 usq’
2377 3639 2446 3705 in
2491 3640 2752 3707 saecula.

590 3814 671 3862 ae
715 3813 867 3862 ecce
911 3793 1086 3861 enim
1132 3812 1216 3859 ex
1255 3792 1381 3859 hoc
1726 3782 1813 3848 56
1901 3792 2143 3859 Mansit
2190 3798 2407 3861 autem
2453 3792 2666 3860 maria

591 3948 854 4015 beatam
899 3967 1003 4013 me
1047 3945 1270 4012 dicent
1312 3965 1417 4011 om
1903 3967 2047 4014 cum
2092 3947 2211 4014 illa
2253 3946 2523 4013 mensib'
2567 3945 2712 4013 trib'

319 4135 331 4143 ·
420 4098 505 4163 49
591 4118 709 4166 nes
754 4096 1235 4183 generationes.
1281 4098 1436 4181 qvia
1902 4107 1969 4168 et
2008 4119 2275 4168 reuersa
2317 4106 2419 4166 est
2464 4100 2530 4166 in
2572 4099 2658 4166 do

594 4253 751 4320 fecit
796 4253 958 4318 mihi
1003 4271 1249 4337 magna
1293 4250 1404 4334 qvi
1905 4274 2011 4319 mo
2056 4273 2176 4320 sua

2421 4827 2518 4880 13*
