3634 5717
384 674 504 738 Fol
551 674 715 749 62¹l2

382 874 468 940 35
512 869 917 956 Baptismum
956 867 1263 936 iohannis
1306 869 1390 936 de
1433 867 1594 935 caelo
1639 867 1764 933 fuit

510 977 596 1023 an
642 975 726 1021 ex
766 952 1140 1019 hominibus

383 1042 468 1107 36
510 1040 610 1105 De
648 1038 849 1105 uinea
890 1044 958 1104 et
1000 1037 1265 1103 colonos
1290 1035 1421 1122 .qui
1465 1035 1694 1101 occide

509 1126 664 1189 rurit
709 1120 1017 1189 heredem

384 1210 465 1278 37
511 1205 793 1306 Reddite
837 1225 983 1289 quae
1026 1202 1095 1304 di
1140 1212 1291 1271 sunt
1333 1203 1419 1278 do
1464 1211 1531 1270 et
1573 1224 1717 1288 quae

515 1309 779 1357 caesarls
818 1308 1073 1355 caesam

386 1378 471 1445 38
514 1376 615 1440 De
658 1381 912 1458 septem
955 1372 1190 1439 fratres
1235 1373 1345 1455 qui
1385 1392 1578 1439 unam

513 1478 782 1525 uxorem
825 1457 1195 1524 habuerunt
1242 1463 1310 1524 et
1352 1457 1592 1524 debere

515 1543 796 1628 diligere
841 1543 949 1608 dm
995 1550 1063 1608 et
1105 1541 1472 1626 proximum
1539 1544 1543 1549 ’

388 1631 471 1697 39
516 1626 678 1694 Cum
722 1627 1160 1711 interrogaret
1214 1625 1298 1693 de
1342 1637 1497 1709 xpm

384 1730 388 1734 *
512 1713 695 1778 cuius
739 1711 914 1777 filius
957 1711 1046 1776 sit
1088 1710 1259 1777 dixit
1301 1717 1530 1776 cauete

517 1796 603 1862 ab
646 1796 878 1861 scribis
1376 1866 1387 1879 l
1492 1810 1499 1817 ·

389 1882 477 1948 40
518 1878 847 1946 Laudauit
891 1877 994 1943 ihs
1034 1877 1303 1943 uiduam
1348 1897 1516 1960 quae
1562 1878 1649 1943 mi

518 1964 606 2029 sit
654 1963 1082 2047 quadrantem
1123 1961 1191 2026 in
1236 1961 1620 2044 gazofilacio

390 2050 471 2114 41
520 2049 604 2114 Et
647 2067 794 2114 cum
839 2046 1089 2112 diceret
1125 2045 1209 2111 de
1248 2044 1507 2129 lapides

518 2132 750 2215 templi
775 2128 1174 2215 ‘designauit
1213 2129 1577 2197 nouissimfi

518 2223 775 2299 tempus

392 2301 478 2366 42
520 2301 604 2366 Et
648 2298 881 2365 mulier
931 2296 1231 2381 quaedam
1276 2315 1423 2363 cum
1511 2316 1582 2363 er

518 2383 821 2450 funderet
863 2381 996 2447 ihm
1039 2387 1375 2466 unguento
1412 2401 1462 2446 a
1506 2381 1585 2446 iit

521 2467 712 2534 iudas
756 2474 827 2533 ut
869 2466 1161 2533 traderet
1202 2485 1350 2532 eum
1387 2471 1455 2532 et
1498 2485 1649 2532 man

524 2551 791 2618 ducauit
836 2550 939 2616 ihs
983 2569 1128 2616 cum
1173 2548 1516 2633 discipulis
1560 2549 1811 2634 pascha

395 2635 480 2701 43
523 2636 709 2702 Dixit
752 2636 857 2701 ihs
898 2634 1027 2700 hoc
1073 2640 1175 2700 est
1216 2653 1451 2718 corpus
1491 2643 1642 2701 meu

521 2727 589 2787 et
629 2719 900 2803 sanguis
946 2736 1129 2783 meus
1173 2718 1285 2801 qui
1328 2738 1448 2802 pro
1486 2717 1617 2783 mul

521 2805 607 2871 tis
652 2803 1016 2870 effundetur

390 2889 477 2954 44
518 2889 602 2954 Et
642 2907 786 2954 cum
832 2886 1111 2952 dixisset
1152 2891 1340 2971 petro
1379 2891 1480 2951 ter

513 2992 618 3040 me
662 2971 940 3056 negabis
992 2969 1089 3037 ait
1131 2976 1315 3037 orate
1359 2989 1442 3037 ne
1483 2969 1686 3037 venia

519 3057 604 3123 tis
646 3056 717 3122 in
762 3054 1260 3139 temptationem

518 3139 678 3209 Cum
724 3139 1067 3206 duceretur
1107 3138 1213 3204 ihs
1258 3136 1349 3207 ad
1390 3137 1628 3222 caipha

521 3223 786 3373 quigam
831 3221 1251 3372 seqtledmtgs
1268 3220 1545 3372 amtictus

521 3328 625 3374 sm
674 3328 866 3375 onem
911 3327 949 3373 e
1066 3326 1146 3372 uc
1292 3326 1363 3372 cs

523 3392 628 3457 ihs
671 3391 758 3459 ad
802 3391 1178 3476 passionem

395 3480 481 3546 45
523 3477 682 3543 Post
724 3474 1262 3542 resurrectionem
1308 3493 1349 3538 a
1398 3494 1490 3557 pa

523 3562 654 3627 ruit
697 3560 801 3625 ihs
846 3582 889 3627 a
936 3558 1165 3625 ostolis
1208 3564 1274 3625 et
1362 3558 1488 3623 ixit

523 3645 635 3728 qui
680 3642 859 3710 credi
907 3643 1033 3710 erit
1077 3649 1144 3709 ct
1183 3641 1558 3726 baptizatus

527 3728 724 3795 fuerit
765 3726 1128 3794 saluabitur
1172 3726 1284 3809 qui
1323 3746 1455 3793 non

525 3811 880 3879 crediderit
920 3809 1337 3877 damnabitur

480 3938 491 3945 -
527 3904 594 3963 et
636 3902 939 3983 receptus
980 3902 1081 3963 est
1123 3894 1191 3959 in
1238 3894 1441 3961 caelis
1486 3892 1631 3959 diis.

2798 660 2905 725 121
