3634 5717
755 630 883 696 252

833 988 875 1050 9

791 1448 871 1511 10
957 1447 1118 1512 Erat
1163 1447 1221 1511 h'
1265 1447 1509 1514 docens
1559 1447 1624 1511 in
1672 1465 1841 1531 syna

755 1532 892 1575 3144

794 1754 866 1817 11

961 831 1248 916 cophimi
1292 833 1597 900 stercoris

964 991 1030 1053 et
1068 985 1124 1051 si
1171 986 1367 1070 quide
1415 986 1646 1053 fecerit

961 1141 1172 1205 fructu
1218 1141 1318 1204 sin
1368 1148 1519 1206 aute
1564 1141 1631 1205 in
1681 1141 1746 1205 fu

961 1294 1107 1357 turu
1154 1293 1451 1359 succides
1496 1299 1577 1359 εὖ,

958 1621 1137 1684 goga
1180 1602 1338 1666 θοι-ἡ
1383 1599 1662 1665 sabbato

957 1758 1023 1817 et
1066 1773 1218 1819 ecce
1265 1753 1498 1819 mulier
1532 1768 1677 1836 quae

957 1904 1243 1970 habebat
1286 1918 1430 1990 epm
1469 1905 1711 1972 infirmi

955 2058 1112 2124 tatis
1156 2059 1347 2125 annis
1393 2059 1554 2127 dece
1600 2066 1668 2127 et

954 2219 1101 2278 octo
1146 2219 1214 2280 et
1255 2220 1399 2279 erat
1441 2212 1692 2279 inclina

953 2372 1023 2432 ta
1066 2387 1188 2433 nec
1230 2367 1498 2433 omnino
1542 2374 1698 2450 pote

953 2527 1062 2586 rat
1097 2522 1289 2587 sursfi
1333 2520 1661 2605 respicere

792 2670 869 2733 12

787 3281 863 3346 13

957 2678 1086 2755 qua
1128 2652 1219 2738 ofi'
1252 2673 1532 2740 uidisset
1575 2674 1679 2738 ihs

955 2825 1217 2892 uocauit
1260 2826 1348 2892 ad
1392 2844 1464 2893 se
1510 2836 1577 2892 et
1617 2827 1714 2894 ait

955 2978 1054 3043 illi
1101 2977 1334 3046 mulier
1377 2979 1668 3046 demissa

956 3127 1056 3197 es't
1098 3131 1183 3197 ab
1228 3132 1609 3200 infirmitate

950 3289 1064 3349 tua
1108 3292 1174 3350 et
1217 3284 1510 3370 inposuit
1552 3286 1650 3352 illi

952 3456 1182 3503 manus
1226 3445 1296 3505 et
1338 3440 1614 3507 confesti

952 3596 1172 3656 erecta
1211 3598 1312 3658 est
1356 3599 1422 3660 et
1466 3593 1635 3677 glori

951 3741 1193 3808 ficabat
1238 3745 1345 3809 ἀῶ

790 3892 866 3957 14
950 3893 1384 3979 Respondeas
1429 3898 1483 3962 h‘
1533 3897 1717 3962 archi

746 3977 792 4020 lc
817 3977 895 4021 165

823 4028 850 4071 2

747 4082 817 4122 ,ιιι
840 4079 918 4123 102
955 4064 1338 4133 synagogas
1382 4049 1741 4132 indignans

748 4131 896 4174 tui-25

954 4201 1111 4283 quia
1153 4202 1429 4268 sabbato
1474 4223 1665 4269 curas

954 4361 1056 4419 set
1099 4353 1202 4418 ihs
1248 4354 1512 4422 dicebat
1553 4356 1759 4422 turbae

1870 630 2056 698 Leo
2106 632 2185 698 13

2274 855 2393 901 sex
2436 832 2582 899 dies
2627 840 2779 899 suut
2819 832 2889 898 in
2934 833 3045 917 qvi

2273 989 2330 1053 b'
2376 994 2636 1071 oportet
2679 987 2939 1070 operari

2274 1142 2341 1207 in
2382 1140 2488 1205 his
2532 1158 2692 1222 ergo
2737 1138 2959 1205 uenite
2997 1146 3065 1205 et

2273 1291 2593 1361 curamini
2638 1298 2706 1357 et
2747 1312 2879 1357 non
2926 1292 2993 1355 in

2108 1449 2185 1513 15
2272 1448 2382 1515 die
2424 1446 2683 1513 sabbati
2730 1445 2992 1528 Respon

2070 1603 2084 1641 '³
2122 1603 2205 1650 ¹¹¹³*
2274 1601 2438 1669 dens
2484 1606 2635 1666 aute
2681 1598 2769 1664 ad
2806 1597 2954 1662 illfi'f
3001 1596 3117 1662 dix

2272 1754 2325 1819 it
2366 1751 2777 1838 hypochritae
2820 1770 2986 1816 unus

2271 1907 2477 1992 quisq'
2520 1906 2744 1973 uestrfi
2789 1904 2994 1970 sabba

2269 2069 2336 2128 to
2382 2081 2513 2127 non
2558 2058 2773 2126 soluet
2810 2057 2983 2124 bobe

2266 2216 2390 2281 sufi
2435 2219 2550 2280 aut
2587 2212 2787 2282 asinii
2831 2232 2875 2278 a
2916 2230 3053 2295 prae

2266 2366 2453 2452 sepio
2498 2373 2566 2432 et
2609 2364 2792 2432 ducit
2834 2364 2920 2431 ad
2961 2385 3003 2428 a

2101 2522 2180 2586 16
2268 2541 2489 2605 quare.
2528 2520 2703 2586 hanc
2744 2518 2805 2584 h'
2848 2517 2989 2583 filii

2266 2673 2532 2740 abrahae
2573 2683 2703 2757 que
2738 2669 3019 2757 aligauit

2267 2833 2538 2893 satanas
2582 2846 2737 2894 ecce
2776 2825 2937 2893 dece

2266 2988 2333 3046 et
2375 2986 2522 3047 octo
2567 2979 2762 3046 annis
2807 2999 2938 3045 non

2267 3134 2605 3217 opportuit
2646 3131 2815 3198 solui

2268 3307 2311 3352 a
2353 3286 2614 3353 uinculo
2659 3285 2787 3351 isto
2832 3284 2942 3349 die

2058 3441 2126 3569 lo1
2128 3441 2207 3569 ¹7oe
2260 3440 2521 3507 sabbati
2566 3446 2633 3508 et
2675 3439 2757 3504 οῦ
2798 3438 2943 3503 haec

2112 3577 2163 3619 ¹⁰
2266 3592 2517 3661 diceret
2560 3592 2870 3659 erubesce

2266 3744 2428 3811 bant
2469 3764 2695 3811 omnes
2740 3743 2946 3811 aduer

2267 3897 2424 3963 sarii
2472 3897 2614 3964 eius
2658 3903 2726 3963 et
2766 3895 2982 3963 omnis

2268 4051 2547 4135 populus
2594 4049 2929 4134 gaudebat

2268 4203 2336 4268 in
2379 4202 2706 4270 uniuersis
2753 4222 2897 4286 quae
2941 4201 3054 4286 glo

2269 4356 2443 4423 riose
2488 4355 2736 4423 fiebant
2777 4356 2862 4423 ab
2906 4375 2985 4421 eo
