3634 5717
363 665 484 777 rin
535 711 656 779 135
1465 711 1558 777 Lo
1600 709 1651 778 c
1699 710 1777 776 18

441 915 483 979 6
568 912 665 979 ait
709 921 860 981 aute
906 914 1032 981 aas
1076 913 1301 982 audite
1347 880 1359 891 ’

569 1064 725 1151 quid
771 1066 970 1134 iudex
1013 1066 1293 1152 iniquita

440 1219 475 1284 7
566 1217 650 1284 tie
696 1217 860 1285 dieit
903 1217 982 1285 de
1027 1225 1243 1287 autem
1290 1240 1421 1286 non

424 1385 430 1391 ·
567 1369 768 1438 faeiet
810 1369 1172 1439 uindictam
1218 1392 1255 1438 e

570 1523 819 1589 leetoru
864 1525 1062 1589 suoru
1107 1525 1365 1591 elaman
1726 1528 1803 1593 12

567 1673 664 1741 tiu
710 1673 798 1741 ad
843 1694 914 1743 se
958 1674 1069 1743 die
1112 1697 1194 1745 ae
1236 1683 1425 1744 noete

569 1833 635 1894 et
677 1824 1065 1913 patientiam
1107 1827 1376 1898 habebit

438 1969 479 2033 8
568 1979 635 2045 in
681 1978 816 2046 illis
860 1979 1010 2047 dieo
1052 1979 1242 2048 uobis
1286 1981 1442 2066 quia
1722 1971 1801 2038 13

569 2129 698 2197 eito
744 2130 945 2200 faeiet
985 2131 1280 2201 uindicta

569 2283 826 2351 illorum
845 2343 850 2349 .
871 2286 1033 2354 uerti
1075 2291 1297 2353 tamen

567 2434 738 2503 filius
781 2436 1069 2505 hominis
1111 2439 1264 2505 ueni

567 2608 683 2657 ens
729 2597 924 2675 putas
970 2589 1264 2660 inueniet

566 2741 760 2811 fidem
806 2742 1095 2811 interra
1186 2705 1198 2714 ⁶

438 2887 479 2951 9
568 2894 755 2962 Dixit
796 2901 947 2962 aute
986 2851 1059 2963 'et
1103 2897 1189 2963 ad
1235 2916 1395 2982 qvos

569 3047 656 3114 da
698 3046 808 3132 qui
853 3047 920 3113 in
955 3067 1039 3117 ,se
1082 3048 1339 3117 eonfide

566 3200 729 3268 bant
769 3206 1102 3285 tamquam
1146 3200 1247 3268 ius

571 3351 621 3418 ti
666 3358 732 3419 et
771 3352 1294 3438 aspernabantur

571 3512 823 3573 eeteros
868 3505 1188 3590 parabola
1231 3504 1288 3572 is

409 3651 488 3718 10
571 3664 707 3725 tam
751 3657 880 3724 duo
924 3606 1223 3726 homines

572 3808 1007 3877 aseenderunt
1051 3809 1119 3876 in
1162 3817 1227 3877 te

574 3962 753 4047 plum
797 3967 870 4030 ut
910 3968 1175 4030 orarent
1217 3984 1260 4030 u

576 4134 697 4181 nus
741 4114 1085 4200 phariseus
1133 4121 1200 4183 et
1237 4117 1301 4183 al

410 4266 484 4331 11
575 4273 674 4334 ter
716 4267 1102 4352 publicanus
1142 4267 1277 4353 pha

573 4419 782 4487 riseus
826 4426 1012 4488 stane
1056 4421 1222 4489 haee

576 4572 753 4659 apud
796 4591 871 4641 se
912 4573 1146 4641 orabat
1187 4573 1275 4642 dc>

575 4725 828 4811 gratiae
870 4745 1001 4813 ago
1036 4724 1158 4794 tibi

2782 712 2905 779 267

1891 912 2048 998 quia
2088 934 2220 979 non
2265 933 2407 980 sum
2453 914 2623 982 sieut
2666 935 2742 981 ee

1889 1066 2014 1133 teri
2059 1065 2359 1132 homines
2399 1061 2589 1153 rapto

1889 1237 1993 1284 res
2040 1216 2266 1285 iniusti
2305 1217 2590 1288 adulteri

1888 1369 2087 1437 uelud
2130 1370 2331 1438 etiam
2374 1371 2486 1439 hie
2521 1373 2656 1459 pub

1890 1522 2144 1590 lieanus
2188 1522 2410 1590 ieiuno
2454 1524 2558 1591 bie
2601 1526 2670 1591 in

1889 1674 2164 1741 sabbato
2211 1674 2508 1744 deeimas
2559 1677 2644 1744 do

1890 1826 2179 1894 omnium
2223 1847 2390 1912 quae
2427 1831 2608 1915 possi

1888 1977 2014 2048 deo
2057 1985 2126 2047 et
2168 1979 2556 2066 publieanus

1889 2150 1931 2197 a
1973 2131 2173 2216 longe
2216 2137 2400 2200 stans
2444 2135 2713 2203 nolebat

1888 2303 2010 2352 nee
2053 2282 2277 2351 oeulos
2322 2282 2410 2350 ad
2452 2288 2617 2354 eaelu
2661 2290 2724 2354 le

1889 2455 2047 2503 nare
2091 2435 2210 2504 sed
2253 2437 2665 2523 percutiebat

1884 2595 2116 2676 peetus
2160 2590 2282 2657 enfi
2328 2588 2556 2658 dicens

1886 2742 1964 2810 ᾶέ
2009 2742 2337 2829 propitius
2384 2749 2525 2812 esto
2570 2743 2661 2811 mi

1726 2897 1805 2963 14
1888 2894 1957 2961 hi
2005 2895 2336 2981 peeeatori
2381 2917 2574 2964 amen
2619 2896 2690 2965 di

1888 3071 1964 3117 eo
2008 3049 2197 3118 uobis
2241 3048 2585 3118 deseendit
2625 3050 2735 3119 hie

1880 3202 2277 3271 iustifioatus
2322 3204 2392 3270 in
2438 3203 2637 3271 domu

1684 3362 1728 3405 1⁰
1753 3359 1834 3455 251⁵
1892 3377 2079 3426 enam
2122 3358 2208 3423 ab
2250 3354 2367 3421 illo
2411 3354 2584 3434 Quia
2626 3374 2731 3422 om

1685 3466 1756 3508 mt
1777 3460 1856 3507 231

1888 3508 1993 3576 nis
2035 3506 2146 3592 qui
2189 3526 2262 3575 ee
2306 3505 2557 3574 exaltat
2602 3505 2781 3574 humi

1888 3659 2157 3728 liabitur
2201 3661 2269 3725 et
2306 3656 2417 3742 qui
2461 3676 2535 3725 se
2576 3658 2665 3725 hu

1890 3809 2177 3878 miliabit
2218 3808 2617 3877 exaltabitur

1685 3970 1835 4105 ¹136
1892 3964 2301 4033 Adferebant
2345 3968 2496 4031 aute
2543 3960 2629 4030 ad

1687 4110 1863 4259 „2233
1895 4119 2014 4185 illu
2058 4123 2127 4185 et
2167 4115 2456 4184 infantes
2498 4122 2572 4183 ut
2614 4134 2728 4184 eos

1687 4227 1761 4260 mr

1893 4276 2199 4365 tangere-t
2241 4288 2402 4356 quos
2448 4288 2593 4337 eum

1890 4424 2197 4491 uiderent
2239 4421 2549 4507 discipuli

1893 4574 2327 4661 increpabant
2369 4573 2519 4640 illos
