3634 5717
804 1009 886 1073 27

812 1751 895 1815 28

778 2598 848 2639 mt
874 2596 947 2639 161

778 2710 850 2741 mr
874 2696 927 2740 76

1872 654 1967 721 Mt
2009 654 2061 721 O
2110 656 2210 722 15*

977 877 1107 922 non
1154 860 1253 920 est
1298 855 1474 920 bom]
1519 844 1775 923 sumere
2293 855 2595 922 uidentes
2642 860 2708 920 et
2749 854 3018 938 magnifi

977 1017 1148 1091 pane
1194 1005 1475 1071 filiorum
1522 1013 1590 1073 et
1631 1006 1752 1072 mit
1863 981 1872 989 ⁶
2061 980 2066 987 ”
2294 1008 2535 1073 cabant
2573 1004 2682 1069 dm
2728 1003 2973 1071 israhel

976 1162 1115 1222 tere
1159 1156 1371 1222 eanib'
1416 1162 1486 1221 at
1532 1156 1649 1223 illa
1692 1156 1863 1223 dixit
2119 1162 2201 1225 32
2292 1158 2405 1223 Ihs
2449 1162 2668 1222 autem
2713 1175 3005 1221 eonuoea

977 1307 1110 1373 etia
1155 1304 1285 1372 dne
1330 1326 1481 1372 nam
1527 1314 1592 1372 et
1637 1308 1807 1374 catel
2092 1244 2131 1289 B
2180 1245 2231 1289 48
2296 1309 2381 1374 tis
2427 1304 2771 1391 discipulis
2816 1303 2951 1371 suis
2995 1305 3110 1370 dix

976 1457 1026 1521 li
1074 1456 1275 1523 edunt
1319 1456 1403 1523 de
1446 1457 1632 1524 mieis
1678 1479 1820 1542 quae
2296 1459 2349 1524 it
2390 1458 2704 1524 misereor
2748 1457 2955 1521 turbae
2998 1455 3154 1540 qvia

981 1608 1225 1674 eadunt
1265 1606 1348 1673 de
1394 1627 1623 1705 mensa
1667 1608 1845 1676 domi
2297 1609 2518 1675 tridm‘i
2564 1608 2694 1675 iam
2742 1607 2948 1692 perdu

983 1727 1218 1824 norum⁴
1257 1768 1456 1823 suorii
1502 1765 1655 1826 tune
1700 1780 1804 1826 res
2298 1766 2445 1827 rant
2488 1779 2737 1827 meeum
2783 1765 2851 1826 et
2893 1778 3021 1823 non

982 1906 1282 1993 pondens
1328 1907 1433 1972 ihs
1479 1909 1573 1975 ait
1619 1910 1754 1976 illis
1800 1932 1839 1977 ο
2299 1912 2544 1979 habent
2589 1910 2762 1994 quod
2807 1908 3051 1976 mandv

983 2058 1215 2125 mulier
1260 2080 1505 2144 magna
1548 2067 1648 2126 est
1691 2061 1856 2129 fides
2028 2122 2038 2133 .
2300 2068 2451 2129 eent
2493 2068 2559 2127 et
2603 2059 2934 2126 dimittere

984 2216 1098 2276 tua
1141 2210 1257 2277 fiat
1300 2208 1421 2276 tibi
1464 2211 1633 2278 sieut
1677 2212 1777 2278 uis
1824 2220 1889 2278 et
2302 2233 2415 2279 eos
2462 2211 2716 2279 ieiunos
2761 2210 2913 2276 nolo
2960 2228 3044 2274 ne

983 2365 1221 2426 sanata
1262 2366 1364 2427 est
1406 2361 1546 2427 filia
1591 2362 1731 2429 eius
1778 2383 1861 2429 ex
2134 2360 2218 2424 33
2305 2364 2618 2431 deficiant
2661 2362 2729 2428 in
2771 2359 2886 2428 uia
2928 2366 2994 2425 et
3037 2358 3106 2423 di

983 2510 1102 2576 illa
1144 2509 1309 2578 hora
1350 2512 1434 2578 Et
1479 2523 1557 2579 en
1605 2519 1787 2580 trans
2304 2520 2457 2582 eunt
2502 2513 2565 2581 ei
2611 2510 2920 2596 discipuli
2964 2531 3052 2576 un

987 2661 1150 2727 isset
1193 2659 1349 2727 inde
1393 2661 1497 2727 ihs
1541 2665 1724 2730 uenit
1767 2685 1842 2731 se
2304 2666 2387 2734 de
2430 2686 2589 2749 ergo
2634 2663 2823 2729 nobis
2870 2681 3111 2746 «panes

985 2830 1098 2877 eus
1143 2831 1325 2877 mare
1369 2812 1631 2895 galileae
1677 2820 1743 2880 et
1785 2834 1861 2881 as
2305 2823 2559 2884 tantos»
2600 2813 2668 2880 in
2713 2813 2974 2881 deserto

986 2960 1273 3027 condens
1320 2961 1387 3026 in
1428 2969 1647 3029 monte
1693 2984 1765 3032 se
2305 2974 2376 3034 ut
2417 2973 2782 3033 saturemus
2827 2971 2930 3030 tur

987 3109 1187 3178 debat
1232 3109 1323 3178 ibi
1369 3117 1435 3178 et
1479 3122 1856 3182 acesserunt
2130 3116 2214 3181 34
2301 3120 2385 3183 ba
2426 3122 2679 3183 tantam
2724 3122 2791 3182 et
2834 3114 2931 3180 ait
2975 3113 3021 3179 il

987 3261 1074 3328 ad
1120 3280 1267 3327 eum
1311 3263 1515 3328 turbae
1562 3265 1780 3332 multae
2131 3338 2138 3347 ,
2306 3268 2389 3334 lis
2433 3268 2538 3333 ihs
2585 3272 2743 3350 quot
2785 3284 2992 3350 panes
3039 3266 3128 3330 ha

985 3411 1303 3478 habentes
1345 3425 1499 3479 seen
1547 3423 1756 3482 mutos
2303 3417 2472 3484 betis
2517 3424 2587 3483 at
2624 3416 2724 3482 illi
2767 3414 3073 3483 dixerunt

987 3582 1174 3630 oecos
1219 3564 1489 3645 claudos
1535 3566 1787 3634 debiles
2307 3575 2492 3654 septe
2532 3575 2599 3636 et
2642 3587 2886 3653 paucos
2931 3565 3035 3652 pis

987 3720 1053 3780 et
1096 3714 1263 3781 alios
1306 3718 1545 3783 multos
1591 3724 1657 3784 et
1699 3740 1818 3803 pro
2129 3723 2215 3788 35
2302 3720 2546 3788 eieulos
2592 3726 2658 3785 et
2702 3718 3015 3804 proeeepit

987 3864 1277 3932 iecerunt
1323 3887 1436 3933 eos
1484 3867 1568 3933 ad
1614 3869 1818 3952 pedes
2306 3872 2511 3937 turbae
2554 3875 2626 3936 ut
2670 3867 2942 3936 disefibe

988 4015 1127 4081 eins
1173 4022 1240 4082 et
1281 4019 1535 4085 curauit
1579 4039 1690 4085 eos
1738 4021 1832 4087 ita
2128 4028 2213 4091 36
2301 4030 2447 4091 rent
2490 4041 2687 4107 super
2732 4028 2908 4087 terra
2950 4027 3017 4088 et

986 4171 1058 4230 ut
1100 4167 1304 4232 turbae
1346 4167 1736 4238 mirarentur
2307 4174 2597 4260 acceptis
2641 4180 2892 4258 septem
2938 4193 3028 4258 pa

985 4314 1286 4401 uidentes
1332 4325 1543 4385 mutos
1583 4321 1819 4405 loqven
2304 4345 2422 4392 nes
2467 4330 2534 4390 et
2571 4324 2785 4409 pisoes
2830 4329 2898 4390 et
2940 4343 3066 4407 gra

986 4469 1085 4530 tes
1134 4466 1391 4535 claudos
1438 4473 1744 4539 ambulan
2304 4476 2432 4543 tias
2479 4495 2685 4561 agens
2731 4475 2930 4559 fregit
2973 4479 3040 4541 et

1156 4628 1253 4687 tes
1300 4643 1507 4689 eaeeos
2608 4626 2789 4696 dedit
