3634 5717
401 667 522 733 Fol
571 669 686 736 111

427 1331 515 1395 29

399 1415 444 1459 ιο
468 1415 519 1458 54

399 1491 543 1563 mt'38

428 2382 506 2448 31

429 2686 513 2752 32

393 2772 437 2816 le
462 2772 516 2833 5:⁸5

468 2836 496 2865 ο

430 871 515 937 28
603 869 880 938 oderunt
922 866 1291 936 benefacite

606 1020 1087 1090 maledicentib'
1130 1019 1318 1087 nobis
1364 1040 1481 1086 ora

604 1181 669 1241 te
724 1192 842 1258 pro
898 1171 1387 1241 ealnmniantib'
1429 1169 1617 1237 uobis

604 1326 688 1391 Et
731 1324 843 1409 qui
887 1332 955 1392 te
998 1323 1282 1410 pereutit
1323 1325 1391 1389 in

603 1477 939 1544 maxillam
984 1476 1187 1561 prebe
1229 1477 1291 1543 ei
1337 1483 1403 1543 et
1446 1476 1510 1544 al

602 1636 810 1697 teram
856 1636 923 1697 et
966 1629 1028 1697 ei
1075 1628 1186 1714 qni
1230 1628 1485 1696 auferet

603 1780 719 1848 tibi
768 1782 1165 1850 uestimentii
1212 1780 1346 1848 etia

561 1932 887 2012 'tunicam
932 1933 1069 2000 noli
1111 1932 1460 2020 prohibere

600 2086 778 2152 omni
822 2085 1073 2172 petenti
1115 2091 1182 2153 te
1225 2085 1438 2153 tribue

601 2246 668 2306 et
711 2238 821 2323 qni
868 2237 1124 2306 auferet
1166 2258 1334 2337 qnae
1379 2245 1492 2306 tna

600 2398 751 2458 sunt
790 2410 874 2457 ne
918 2396 1182 2476 repetas
1225 2396 1292 2458 et
1335 2412 1454 2477 pro

600 2550 670 2611 ut
714 2542 914 2610 uultis
962 2548 1032 2609 nt
1074 2542 1325 2610 faciant
1368 2562 1449 2609 no

603 2694 705 2763 bis
750 2692 1049 2761 hemines
1093 2695 1292 2762 faeite
1337 2695 1472 2762 illis

598 2845 902 2914 similiter
949 2848 1034 2917 Et
1075 2846 1135 2915 si
1178 2847 1459 2933 diligitis
1535 2844 1540 2847 ’

596 3020 710 3069 eos
752 2999 863 3084 qui
910 3020 1027 3091 uoq
1072 2998 1360 3086 diligunt
1404 3019 1548 3084 quae

594 3152 782 3219 nobis
828 3157 930 3219 est
973 3151 1194 3236 gratia
1233 3172 1386 3218 nam
1431 3158 1499 3220 et

600 3309 981 3390 peceatores
1026 3302 1383 3389 diligentes

598 3476 670 3522 se
714 3454 1023 3541 diligunt.
1071 3461 1137 3521 et
1181 3455 1238 3521 si
1284 3455 1450 3524 bene
1495 3458 1558 3523 fe

597 3606 818 3674 ceritis
862 3606 966 3673 his
1012 3605 1122 3690 qni
1165 3607 1354 3675 nobis

598 3759 765 3826 bene
810 3759 1060 3827 faciunt
1097 3778 1265 3843 qnae
1310 3780 1393 3827 no

597 3911 697 3977 bis
742 3917 844 3977 est
884 3911 1105 3996 gratia
1146 3931 1291 3978 enm
1336 3918 1403 3979 et
1447 3931 1569 3997 pee

598 4069 853 4131 enter-es
891 4063 1018 4130 hoe
1055 4062 1305 4130 faciunt

1537 664 1810 733 Looe

1627 2957 1831 3072 *36

1809 3136 1814 3141 ⁴
1918 3172 2078 3239 ergo
2123 3120 2583 3220 miserieordes
2626 3147 2751 3232 si[!]

2810 661 2936 726 219

1748 866 1835 932 34
1922 868 2006 933 Et
2048 865 2103 933 si
2154 872 2441 931 mutuum
2482 861 2799 931 dederitis

1922 1018 2026 1085 his
2069 1040 2113 1086 a
2157 1018 2328 1103 qnib'
2370 1015 2653 1102 speratis
2696 1013 2828 1082 reei

1923 1191 2081 1259 pere
2125 1190 2293 1256 qnae
2338 1168 2559 1256 gratia
2600 1173 2703 1234 est
2741 1186 2821 1233 uo

1922 1324 2023 1392 bis
2069 1344 2220 1390 nam
2265 1329 2334 1390 et
2374 1327 2754 1408 peceatores

1925 1474 2315 1562 peecatorib'
2358 1473 2740 1540 fenerantur

1924 1635 1994 1696 nt
2035 1627 2362 1713 reeipiant
2405 1623 2715 1709 aequalia

1919 1801 2143 1849 nerum
2190 1759 2416 1846 tamen
2456 1775 2721 1861 diligite
2764 1774 2830 1840 in

1920 1932 2149 1999 imieos
2188 1937 2439 1998 uestros
2486 1937 2553 1996 et
2596 1929 2765 1996 bene

1920 2084 2121 2153 facite
2164 2090 2232 2150 et
2273 2082 2500 2150 mntufi
2544 2081 2700 2148 date
2746 2078 2812 2146 ni

1921 2237 2012 2303 hil
2059 2236 2489 2322 desperantes
2534 2239 2602 2301 et
2640 2232 2765 2300 erit

1922 2408 2171 2457 meroes
2216 2393 2439 2455 nestra
2481 2385 2687 2453 multa

1921 2541 1987 2608 in
2037 2540 2240 2609 eaelis
2284 2541 2368 2606 Et
2411 2537 2595 2606 eritis
2642 2535 2764 2602 filii

1921 2692 2227 2761 altissimi
2272 2691 2427 2778 qnia
2471 2690 2615 2777 ipse
2657 2687 2859 2772 benig

1922 2868 2041 2915 nus
2087 2853 2188 2914 est
2230 2865 2429 2930 super
2471 2844 2768 2929 ingratos

1920 3007 1987 3068 et
2027 3001 2237 3067 malos
2283 3004 2492 3067 estote

1918 3306 2088 3373 sient
2130 3312 2198 3399 et
2240 3309 2430 3389 pater
2473 3308 2691 3370 nester

1919 3456 2291 3524 miseriem-s
2336 3463 2456 3524 est.
2501 3453 2721 3521 Nolite

1917 3608 2210 3674 indicare
2255 3614 2322 3674 et
2364 3624 2494 3674 non
2541 3606 2622 3674 de
2667 3626 2751 3672 no

1918 3759 2020 3827 bis
2065 3758 2462 3826 iudicabitur
2504 3760 2709 3827 nolite

1918 3911 2356 3979 condemnare
2400 3915 2468 3978 et
2505 3932 2635 3978 non
2680 3932 2802 3979 eon

1916 4062 2253 4131 denamini
2298 4064 2609 4133 dimittite
2653 4071 2720 4140 et

2085 4215 2449 4285 dimittetur
