3634 5717
387 629 502 692 Fol
561 631 675 693 149

387 831 591 916 Incip.
637 832 883 916 praeph.
930 839 1098 898 euan
1146 839 1343 898 secun
1390 832 1541 897 ioha

567 1020 926 1113 johannis
989 1018 1222 1113 evena
1282 1050 1452 1114 vnvs

386 1191 468 1236 ex
513 1170 855 1255 discipulis
901 1172 969 1237 di
1019 1174 1127 1256 qui
1174 1173 1360 1258 uirgo
1409 1174 1548 1240 elec

384 1264 486 1321 tus
529 1277 572 1321 a
615 1255 700 1321 do
746 1266 846 1322 est
891 1278 1079 1340 quem
1128 1257 1211 1323 de
1257 1257 1502 1342 nuptiis

384 1340 708 1407 uolentem
756 1342 998 1408 nubere
1043 1344 1378 1410 reuocauit

386 1423 463 1489 ds
508 1426 689 1491 cuius
736 1427 1139 1511 uirginitatis
1181 1429 1248 1493 in
1297 1428 1421 1494 hoc

386 1509 628 1595 duplex
674 1512 1115 1578 testimonium
1164 1514 1228 1578 in
1278 1534 1442 1578 enan

385 1595 560 1678 gelio
606 1596 818 1671 datur„
843 1598 1015 1681 quod
1063 1603 1128 1663 et
1171 1619 1289 1683 pre
1334 1606 1475 1664 cete

383 1679 473 1745 ris
519 1680 795 1748 dilectus
841 1683 925 1748 do
971 1682 1209 1749 dicitnr
1253 1691 1319 1749 et
1358 1684 1540 1749 huic*

385 1774 658 1833 matrem
706 1788 889 1833 suam
936 1767 1019 1834 de
1064 1789 1253 1834 cruce
1299 1789 1439 1834 com

384 1851 722 1917 mendauit
766 1861 832 1917 et
877 1853 1196 1936 uirginem
1246 1854 1435 1938 uirgo

382 1944 678 2002 seruaret
723 1936 1003 2020 denique
1051 1939 1327 2004 manifes

385 2030 534 2086 tans
582 2021 645 2086 in
698 2022 1045 2106 euangelio
1091 2025 1260 2106 quod
1309 2032 1451 2089 erat

385 2107 528 2190 ipse
574 2106 1086 2191 incorruptibilis
1129 2108 1312 2174 uerbi

386 2211 548 2276 opus
596 2191 913 2257 inchoans
957 2193 1134 2259 solus
1180 2194 1381 2260 uerbu

385 2296 536 2341 caro
583 2278 824 2342 factum
870 2297 1014 2342 esse
1061 2297 1181 2344 nec
1223 2280 1440 2344 lumen

385 2383 425 2427 a
467 2361 755 2428 tenebris
798 2362 1001 2428 fuisse
1044 2363 1434 2448 conpraeben

383 2467 520 2510 sam
570 2454 845 2513 testatur
891 2448 1137 2547 primus
1182 2450 1400 2533 sygnfi

383 2552 633 2614 ponens
680 2531 850 2615 quod
897 2553 964 2598 in
1012 2533 1257 2618 nuptiis
1304 2533 1460 2600 fecit

381 2616 459 2681 ds
506 2625 573 2681 ut
618 2618 973 2684 ostendens
1017 2619 1190 2702 quod
1234 2627 1376 2685 erat

384 2701 617 2788 iplse[!]
667 2703 1035 2786 legentibus
1082 2703 1461 2769 demonstra

383 2793 481 2850 ret
525 2786 694 2869 quod
742 2788 851 2853 ubi
898 2789 1021 2854 dns
1066 2788 1380 2854 inuitatur

383 2870 661 2938 deficere
705 2873 1074 2956 nuptiarum
1120 2874 1341 2939 uinum

383 2955 621 3023 debeat
665 2964 736 3022 ut
780 2960 1107 3025 ueteribus
1153 2961 1330 3024 inmu

323 3068 337 3080 ·
385 3041 536 3107 tatis
583 3063 755 3107 noua
797 3045 1020 3111 omnia
1063 3065 1204 3128 quae
1252 3066 1294 3109 a
1337 3053 1467 3127 xpo

387 3125 805 3193 instituuntur
849 3138 1214 3213 appareant
1257 3128 1382 3194 hoc

387 3211 442 3274 h'
489 3214 902 3296 euangelium
948 3213 1213 3298 scripsit
1257 3215 1323 3278 in
1370 3213 1516 3280 asia

385 3302 610 3379 postea
662 3318 854 3379 quam
903 3300 969 3363 in
1015 3299 1318 3384 pathmos
1366 3300 1431 3364 in

380 3380 526 3446 sula
568 3384 997 3469 apocalypsin
1043 3385 1397 3468 scripserat

384 3475 454 3533 ut
498 3468 600 3533 cui
646 3469 711 3532 in
761 3470 1085 3553 principio
1132 3469 1404 3536 canonis

385 3553 877 3639 incorruptibile
923 3554 1314 3638 principium

386 3637 447 3702 in
497 3640 726 3721 genesi
770 3648 836 3705 et
881 3639 1393 3724 incorruptibilis

385 3723 533 3787 finis
581 3744 697 3807 per
739 3724 1061 3809 uirginem
1109 3725 1174 3789 in
1222 3745 1434 3809 apoca

385 3807 538 3892 lipsi
587 3808 892 3875 reddetur
933 3808 1192 3889 dicente
1233 3821 1364 3893 xpo

386 3914 511 3977 ego
555 3907 695 3959 sum
744 3903 802 3963 A
846 3903 910 3960 et
955 3920 1012 3959 ω
1058 3900 1123 3959 et
1170 3895 1275 3959 hic
1321 3902 1418 3959 est

383 3977 691 4044 iohannis
740 3981 849 4063 qui
888 3980 1102 4044 sciens
1148 4000 1343 4063 super

386 4063 647 4129 uenisse
691 4063 863 4132 diem
911 4084 1205 4131 recessus
1251 4065 1352 4130 sui

385 4148 758 4214 conuocatis
805 4148 1145 4234 discipulis
1190 4151 1325 4215 suis

2810 630 2930 692 297

1689 834 1754 898 in
1800 833 2045 917 epheso
2092 855 2208 918 per
2252 833 2456 898 multa
2499 832 2833 915 signorum

1689 918 2141 1001 experimenta
2187 938 2489 1002 promens
2535 928 2687 1001 xpm

1687 1003 2096 1069 descendens
2144 1004 2208 1068 in
2256 1003 2585 1071 defossum
2633 1021 2704 1067 se

1687 1089 1963 1172 pulturae
2005 1110 2163 1155 suae
2210 1088 2421 1153 locum
2468 1090 2644 1153 facta
2874 1150 2879 1161 ,

1687 1174 1983 1240 oratione
2029 1173 2280 1258 positus
2328 1182 2427 1238 est
2473 1173 2557 1239 ad
2600 1194 2688 1256 pa
2730 1241 2743 1247 ,
2828 1184 2839 1203 ”

1685 1266 1815 1324 tres
1860 1279 2012 1324 suos
2058 1268 2190 1325 tam
2238 1264 2587 1325 extraneus

1685 1366 1726 1409 a
1769 1344 1998 1409 dolore
2044 1345 2271 1410 mortis
2318 1364 2509 1426 quam
2558 1363 2599 1407 a
2643 1362 2874 1424 corrup

1682 1429 1862 1494 tione
1907 1429 2123 1495 carnis
2169 1429 2497 1495 inuenitur
2542 1427 2796 1493 alienus

1684 1522 1903 1579 tamen
1950 1522 2100 1598 post
2146 1534 2370 1579 omnes
2416 1533 2581 1578 enan
2636 1512 2767 1577 eliu

1685 1599 1947 1664 scribsit
1993 1607 2057 1664 et
2108 1598 2231 1664 hoc
2288 1597 2528 1682 uirgini
2624 1596 2936 1663 ebebatur

1685 1704 1955 1766 quornm
2003 1692 2219 1750 tamen
2267 1685 2369 1749 uel
2416 1684 2742 1766 scriptura

1687 1789 1824 1834 rum
1872 1778 2166 1852 tempore
2211 1767 2558 1852 dispositio
2604 1769 2707 1832 uel

1683 1853 1994 1919 librorum
2040 1854 2368 1925 ordinatio
2416 1852 2563 1917 ideo

1686 1960 1802 2022 per
1845 1940 2108 2022 singula
2152 1961 2193 2004 a
2235 1938 2424 2005 nobis
2471 1958 2599 2001 non
2646 1957 2816 2019 expo

1685 2025 1860 2090 nitur
1905 2032 1974 2089 ut
2018 2024 2268 2089 sciendi
2315 2022 2645 2089 desiderio

1684 2109 2026 2177 conlocata
2072 2118 2135 2174 et
2180 2109 2617 2191 quaerentibus

1684 2197 1929 2260 fruetus
1974 2194 2219 2259 laboris
2266 2201 2331 2258 et
2374 2194 2459 2258 do
2506 2191 2719 2276 magis

1683 2281 1832 2345 terii
1879 2279 2180 2346 doctrina
2223 2286 2518 2344 seruetur

1683 2367 2187 2450 expl.prep.eua.
2201 2363 2330 2429 ioh.
2349 2361 2543 2445 incip.
2560 2359 2775 2425 brebis
2790 2358 2929 2508 eigs

1687 2540 1713 2600 1
1765 2534 1944 2600 John
1989 2532 2363 2599 testimoniir
2412 2531 2653 2614 p'hibet

1766 2618 1850 2685 de
1898 2630 2026 2702 xpo
2073 2618 2297 2684 dicens
2346 2639 2470 2681 non
2521 2636 2661 2681 ⁸<rum
2691 2614 2928 2697 dignus

1767 2703 2117 2793 corrigiam
2163 2700 2577 2768 calciamenti
2625 2701 2764 2765 eius

1763 2790 2020 2856 soluere

1679 2876 1719 2939 2
1769 2876 1931 2941 Item
1979 2875 2297 2940 iohannes
2343 2873 2504 2938 dicit
2550 2872 2631 2936 de
2676 2870 2788 2935 ihu

1766 2982 1920 3027 ecce
1965 2979 2176 3043 agnus
2222 2959 2289 3024 di
2337 2959 2442 3040 qui
2494 2956 2664 3021 tollit
2711 2976 2830 3039 pec

1766 3056 1917 3113 cata
1961 3043 2185 3111 mundi

1681 3130 1719 3191 3
1767 3132 1849 3196 Et
1892 3130 2180 3196 ostendit
2226 3129 2327 3193 ihs
2373 3125 2714 3211 discipulis

1765 3216 1872 3280 ubi
1920 3220 2214 3280 maneret
2258 3212 2463 3279 secuti
2504 3218 2654 3276 sunt
2697 3230 2841 3274 eum

1678 3299 1721 3361 4
1767 3300 1935 3365 Ubbi
1982 3299 2084 3363 ihs
2131 3299 2212 3364 de
2260 3318 2431 3381 aqua
2475 3297 2691 3361 uinum
2736 3293 2888 3359 fecit

1768 3384 1834 3449 in
1880 3385 2178 3451 chanaan
2227 3383 2513 3467 galileae

1679 3471 1720 3533 5
1765 3471 1849 3535 Et
1894 3468 2088 3535 eiecit
2131 3469 2234 3533 ihs
2280 3468 2363 3532 de
2407 3466 2651 3548 templo
2696 3485 2818 3530 uen

1768 3557 1999 3621 dentes
2044 3561 2110 3620 et
2154 3553 2323 3619 dixit
2364 3551 2592 3615 domus
2637 3571 2753 3615 ora

1768 3640 1966 3705 tionis
2013 3646 2114 3706 est
2159 3638 2388 3702 domus
2437 3635 2641 3719 patris
2689 3635 2813 3699 mei

1640 3792 1645 3797 .
1683 3728 1723 3791 6
1769 3725 1893 3804 Qui
1944 3745 2067 3789 non
2116 3729 2380 3789 renatus
2426 3720 2620 3785 fuerit
2665 3740 2745 3784 ex

1733 3802 2927 3894 aquaetspunonintrauitinregnfidi

1684 3898 1718 3960 7
1768 3895 1937 3961 Vbbi
1984 3893 2406 3977 baptizabant
2450 3891 2767 3955 iohannes

1768 3992 1834 4048 et
1879 3981 1982 4046 ihs
2027 3986 2093 4045 et
2135 3978 2305 4044 dixit
2342 3977 2660 4042 iohannes
2708 3973 2871 4041 disci

1768 4066 1940 4152 pulis
1986 4085 2116 4130 non
2161 4084 2301 4130 sum
2351 4083 2474 4146 ego
2522 4066 2644 4145 xps
