3634 5717
355 655 473 720 Fol
525 657 648 723 160

559 860 703 944 ipse
746 858 1126 926 testimonia
1173 879 1291 944 per

350 1014 473 1110 ἰῡὲ4
558 1012 741 1079 hibet
784 1012 868 1079 de
915 1033 1015 1079 me
1061 1012 1289 1096 Neque

345 1118 522 1213 {31ss²
554 1184 782 1233 uocem
826 1165 967 1232 eius
1004 1177 1244 1249 umqua

1097 1259 1136 1300 Ο

552 1316 831 1383 audistis
876 1319 1019 1401 neq’
1064 1317 1247 1403 speci

553 1490 656 1536 em
700 1469 840 1537 eius
885 1468 1147 1535 uidistis

345 1623 466 1752 ‚3485
551 1624 635 1689 Et
678 1624 881 1691 uerbfi
928 1623 1069 1689 eius
1111 1643 1243 1690 non

342 1722 387 1754 10

390 1759 458 1856 {31
545 1776 804 1844 habetis
849 1776 916 1842 in
965 1775 1151 1842 uobis
1197 1796 1307 1842 ma

547 1935 744 1996 nente
789 1930 946 2014 quia
991 1939 1114 2012 que
1159 1927 1250 2002 mi

546 2083 634 2148 sit
677 2082 791 2149 ille
829 2081 982 2147 huie
1027 2100 1143 2147 uos
1189 2100 1319 2146 non

345 2221 457 2305 ‘39
547 2233 814 2301 creditis
859 2235 1171 2300 serutami

546 2387 614 2453 ni
659 2386 1014 2454 scribturas
1059 2388 1126 2453 in
1172 2386 1282 2470 qvi

543 2541 602 2606 b'
649 2540 894 2626 putatis
942 2560 1057 2606 uos
1104 2539 1241 2606 uita
1286 2540 1373 2605 ha

549 2694 703 2759 bere
745 2701 813 2760 et
857 2693 1042 2776 ipsae
1085 2701 1236 2760 sunt

553 2864 720 2928 quae
764 2844 1145 2912 testimonifi
1192 2864 1309 2929 per

381 3006 469 3072 40
550 2997 779 3065 hibent
823 2996 907 3065 de
952 3017 1056 3064 me
1101 3004 1168 3064 et
1212 3016 1339 3063 non

552 3149 750 3217 uultis
794 3149 1020 3217 uenire
1066 3149 1151 3217 ad
1198 3169 1334 3220 me.

316 3286 329 3306 ⁰
378 3297 455 3361 41
551 3311 621 3368 ut
665 3303 803 3370 uita
844 3303 1147 3370 habeatis
1195 3306 1305 3386 glo

551 3456 650 3522 ria
693 3456 778 3522 ab
822 3454 1132 3522 homiuib'
1176 3476 1305 3522 non

378 3606 463 3670 42
550 3608 805 3694 aeeipio
849 3607 965 3674 sed
1011 3608 1292 3692 cognoui

553 3781 668 3827 uos
707 3760 862 3845 quia
905 3759 1259 3827 dileetione
1303 3759 1372 3826 di

551 3935 679 3980 non
725 3913 982 3980 habetis
1030 3913 1095 3978 in
1146 3914 1331 3980 nobis

376 4067 459 4131 43
547 4086 670 4151 ego
714 4065 865 4131 ueni
915 4065 981 4131 in
1026 4064 1290 4132 nomine

549 4217 756 4302 patris
804 4218 929 4285 mei
977 4226 1041 4284 et
1085 4239 1212 4285 non
1260 4239 1340 4283 ae

545 4370 801 4456 eipistis
845 4391 950 4437 me
996 4370 1051 4436 si
1097 4370 1265 4436 alius

544 4521 800 4590 uenerit
824 4523 913 4597 ,in
957 4522 1216 4588 nomine
1263 4543 1379 4588 suo

549 4676 663 4740 illfi
714 4676 1014 4759 accipitis

1429 656 1811 724 10h056

1709 863 1796 928 44

1698 2696 1779 2759 47

1668 3537 1736 3579 Ξ
1665 3294 1731 3475 ὈᾝΟ

1735 3381 1814 3578 3⁵*ss3
1764 3295 1806 3360 σι

1666 3585 1814 3752 «ἐξ

1665 4373 1785 4505 ἰο437

1736 4513 1765 4556 8

1664 4566 1732 4606 mt
1755 4562 1836 4608 14?

1662 4614 1786 4658 1092

2769 656 2896 722 319

1882 861 2207 945 quomodo
2254 858 2530 944 potestis
2573 879 2693 925 uos

1880 1013 2147 1080 eredere
2194 1014 2305 1097 qui
2351 1012 2565 1097 gloria
2609 1012 2692 1079 ab

1878 1165 2093 1233 inuiee
2140 1165 2443 1260 aeeipitis
2490 1172 2555 1230 et
2599 1165 2710 1250 glo

1877 1319 1975 1385 ria
2018 1339 2186 1404 quae
2232 1320 2316 1385 ab
2360 1318 2475 1383 illo
2521 1318 2662 1384 solo
2708 1323 2811 1384 est

1876 1472 1964 1539 ds>
2008 1492 2138 1538 non
2185 1470 2456 1556 queritis
2502 1470 2639 1536 noli

1873 1632 1939 1691 te
1986 1644 2145 1710 ergo
2191 1631 2425 1709 putare
2462 1623 2624 1708 quia

1872 1797 1997 1863 ego
2044 1797 2277 1844 accuso
2325 1795 2442 1843 nos
2488 1773 2664 1860 apud

1873 1936 2060 2016 patre
2106 1938 2206 1998 est
2251 1929 2360 2013 qui
2407 1948 2524 1995 uos
2569 1946 2729 1994 aeon

1870 2091 1972 2151 set
2015 2101 2276 2167 moyses
2319 2082 2385 2147 in
2433 2102 2559 2165 qno
2603 2100 2723 2147 uos

1869 2236 2153 2322 speratis
2203 2234 2260 2300 si
2306 2215 2415 2301 eni
2462 2231 2717 2302 erederi

1870 2389 1956 2454 tis
2001 2387 2213 2472 moysi
2259 2386 2602 2453 erederitis
2645 2385 2746 2452 for

1870 2541 2046 2608 sitan
2093 2546 2159 2606 et
2202 2539 2363 2605 mihi
2409 2539 2493 2606 de
2537 2559 2641 2607 me
2677 2549 2784 2606 eni

1870 2694 1985 2760 ille
2029 2693 2296 2778 sei-ipsit
2339 2692 2396 2758 si
2443 2697 2593 2757 ante
2639 2689 2737 2755 illi

1874 2866 1949 2914 us
1992 2845 2233 2912 litteris
2281 2864 2410 2911 non
2460 2843 2638 2911 credi

1872 2999 1959 3065 tis
2003 2996 2328 3084 quomodo
2372 2997 2591 3065 uerbis

1876 3152 2039 3219 meis
2085 3150 2367 3218 credetis

1873 3305 2031 3370 Post
2073 3303 2239 3369 haee
2282 3302 2448 3368 abiit
2492 3304 2595 3369 ihs

1874 3456 2106 3540 tran[s]
2154 3476 2337 3523 mare
2381 3454 2668 3537 galileae
2714 3454 2758 3520 il

1875 3608 2001 3674 lius
2048 3604 2390 3674 tiberiadis
2434 3607 2567 3690 seq'

1874 3761 2064 3827 batur
2109 3765 2260 3827 aute
2306 3759 2489 3825 illum
2540 3759 2671 3825 mul

1871 3912 2083 3980 titudo
2129 3933 2374 3996 magna
2419 3912 2576 3994 quia
2619 3912 2684 3976 ui

1872 4066 2116 4134 debant
2160 4066 2355 4149 signa
2399 4082 2566 4147 quae
2612 4064 2681 4129 fa

1874 4220 2090 4286 eiebat
2135 4220 2201 4283 in
2247 4218 2352 4283 his
2398 4215 2508 4300 qui
2556 4216 2704 4281 infir

1871 4373 2216 4438 mabantur
2260 4368 2441 4436 Abiit
2486 4387 2645 4450 ergo

1871 4523 1936 4588 in
1985 4530 2203 4589 monte
2244 4521 2347 4586 ihs
2393 4529 2459 4586 et
2503 4518 2593 4584 ibi
2640 4539 2710 4585 se

1869 4673 2069 4740 debat
2107 4687 2184 4740 es:
2234 4670 2574 4755 discipulis
2619 4671 2753 4735 suis
