3634 5717
653 669 777 735 166

858 869 1123 952 reliquit
1167 887 1387 933 semen
1436 876 1502 934 et
1545 869 1694 934 terti

684 1026 767 1090 22
854 1041 933 1087 us
977 1020 1280 1086 similiter
1325 1020 1567 1086 deinde
1613 1041 1719 1085 om

860 1193 976 1240 nes
1021 1180 1272 1257 septem
1318 1173 1696 1257 aeeipernnt
1764 1148 1773 1155 ⁰

861 1345 1006 1392 eam
1055 1298 1120 1390 et
1163 1344 1291 1389 non
1339 1325 1741 1408 reliquerunt

865 1496 1089 1541 semen
1134 1475 1492 1540 nouissime
1537 1496 1641 1540 om

863 1628 975 1693 niu
1023 1634 1278 1692 mortua
1321 1633 1420 1691 est
1464 1634 1529 1692 et
1572 1627 1730 1692 muli

689 1768 773 1832 23
863 1799 934 1844 er
976 1777 1042 1842 in
1090 1779 1564 1846 resurreetione
1610 1800 1681 1846 er

865 1951 952 2013 go
997 1940 1079 1994 eu
1123 1931 1599 1997 resurrexerint

864 2081 1046 2147 euius
1092 2081 1175 2146 de
1218 2081 1321 2147 his
1366 2082 1492 2148 erit
1545 2105 1707 2151 uxor
1760 2105 1878 2169 sep

866 2239 930 2297 te
976 2233 1150 2299 enim
1194 2232 1560 2298 habuerunt
1604 2247 1683 2301 eti

690 2377 775 2439 24
866 2395 1066 2449 uxore
1112 2390 1179 2450 et
1217 2385 1626 2469 respondens

870 2535 972 2599 ihs
1015 2536 1109 2601 ait
1151 2536 1286 2601 illis
1332 2558 1549 2602 nonne
1595 2536 1745 2603 ideo

870 2685 1105 2751 erratis
1151 2708 1179 2749 1·
1195 2707 1277 2751 on
1321 2687 1677 2773 intellegen

868 2844 967 2903 tes
1012 2837 1369 2921 scripturas
1417 2839 1558 2922 neq'
1600 2839 1703 2915 uir

697 2989 781 3052 25
868 2996 1068 3055 tutem
1116 2988 1185 3053 di
1229 2991 1308 3054 eu
1356 2992 1525 3055 enim
1575 3010 1617 3055 a
1659 3011 1799 3055 mor

870 3141 999 3206 tuis
1044 3141 1518 3206 resurrexerint

873 3292 1014 3375 neq'
1057 3292 1307 3356 nubunt
1351 3292 1495 3375 neq'
1540 3295 1757 3359 nubvn

869 3447 972 3505 tur
1016 3439 1132 3505 sed
1178 3448 1329 3506 sunt
1367 3442 1537 3509 sieut
1579 3465 1662 3510 an

694 3583 778 3645 26
872 3593 1005 3676 geli
1059 3593 1124 3658 in
1172 3595 1350 3660 eaelis
1395 3595 1478 3662 de
1524 3604 1735 3663 mortu

871 3742 926 3807 is
973 3750 1122 3809 aute
1167 3748 1338 3828 quod
1387 3754 1732 3831 resurgant

872 3896 996 3957 non
1046 3894 1303 3977 legistis
1346 3897 1413 3961 in
1465 3898 1630 3963 libro

872 4045 1082 4128 moysi
1129 4045 1194 4110 in
1236 4047 1397 4112 rubo
1443 4068 1676 4131 quomo

871 4193 955 4258 do
1004 4194 1247 4261 dixerit
1292 4198 1389 4262 illi
1435 4199 1513 4264 ds
1556 4220 1683 4283 ego
1728 4201 1804 4264 εὖ

872 4344 949 4409 ds
997 4347 1248 4414 abraha
1292 4359 1356 4415 et
1399 4348 1489 4414 ds*
1522 4351 1703 4417 isaac

697 4496 776 4558 27
872 4504 936 4561 et
977 4498 1055 4563 ds
1098 4502 1290 4568 iacob
1336 4523 1459 4567 non
1510 4510 1610 4566 est
1648 4501 1727 4566 ds

874 4656 1203 4719 mortuorfi
1252 4654 1368 4718 sed
1416 4653 1647 4719 uiuorfi

875 4808 992 4856 uos
1040 4809 1196 4873 ergo
1233 4789 1441 4854 multu
1485 4789 1718 4854 erratis

1762 664 1955 730 Mrc
2005 668 2083 733 12

2004 870 2089 934 28

2179 869 2260 932 Et
2303 867 2626 933 accedens
2671 887 2838 932 nnus

2183 1020 2265 1086 de
2310 1019 2541 1085 scribis
2588 1019 2698 1102 qui
2739 1018 2934 1085 audie

2182 1178 2284 1237 rat
2328 1172 2478 1236 illos
2524 1170 2879 1254 eonqniren

2181 1330 2281 1388 tes
2326 1330 2392 1388 et
2434 1322 2667 1389 uidens
2712 1320 2885 1404 quod

2184 1476 2351 1540 bene
2397 1473 2531 1539 illis
2576 1472 2903 1558 responde

2061 1720 2066 1725 -
2184 1626 2269 1690 rit
2311 1624 2747 1709 interrogauit
2789 1634 2873 1691 eu

2017 3595 2097 3660 31

2186 1777 2358 1860 qnod
2403 1783 2504 1842 est
2549 1775 2759 1860 primo
2805 1796 2909 1841 om
2991 1817 3006 1831 -

2183 1928 2297 1993 niu
2346 1927 2726 1997 mandatum
2773 1928 2876 1992 ihs
2921 1948 3005 1994 au

2184 2087 2248 2145 te
2290 2078 2634 2164 respondit
2678 2079 2739 2144 ei
2786 2078 2942 2162 quia

2184 2232 2395 2316 primo
2441 2230 2663 2296 omnifi
2711 2231 2957 2296 manda

2186 2390 2259 2448 tu
2304 2390 2405 2449 est
2449 2383 2602 2448 audi
2650 2381 2890 2449 israhel
2939 2380 3063 2447 dns

2189 2535 2266 2600 ds
2313 2543 2458 2601 tuns
2501 2533 2626 2599 dfis
2672 2553 2837 2599 unns
2882 2541 2984 2599 est

2188 2694 2254 2753 et
2298 2686 2539 2770 diliges
2586 2685 2742 2750 dnm
2788 2686 2895 2752 dm
2940 2692 3011 2754 tu

2188 2859 2293 2905 um
2341 2859 2426 2905 ex
2468 2845 2607 2904 toto
2652 2837 2847 2904 eorde
2891 2844 3002 2902 tuo

2147 2999 2254 3089 „et
2299 3012 2379 3057 ex
2427 2997 2567 3058 tota
2611 2990 2834 3056 anima
2876 2997 2991 3055 tua

2188 3149 2253 3208 et
2297 3161 2380 3207 ex
2424 3147 2563 3207 tota
2606 3148 2824 3208 mente
2867 3150 2982 3208 tua

2189 3299 2255 3359 et
2298 3314 2381 3359 ex
2424 3300 2564 3359 tota
2607 3292 2849 3360 uirtute

2190 3451 2305 3510 tua
2346 3444 2473 3510 hoe
2516 3451 2618 3510 est
2661 3445 2877 3530 primu

2187 3595 2505 3662 mandatu
2548 3596 2839 3662 seeundn

2069 3804 2096 3811 -
2191 3754 2343 3813 aute
2389 3747 2605 3813 simile
2649 3748 2800 3813 huie
2844 3748 2913 3813 di

2020 4340 2104 4404 32

2188 3898 2359 3981 liges
2405 3899 2707 3981 proximu
2752 3907 2930 3964 tunm

2190 4055 2389 4133 taqua
2431 4057 2497 4115 te
2545 4047 2694 4132 ipsu
2740 4048 2951 4115 maius

2191 4202 2356 4266 horfi
2402 4199 2583 4266 aliud
2625 4201 2942 4267 mandatu

2193 4372 2320 4417 non
2366 4362 2466 4418 est
2511 4352 2594 4416 Et
2639 4350 2734 4416 ait
2777 4351 2876 4415 ini
2921 4314 3047 4417 se'ri

2192 4504 2280 4569 ba
2321 4505 2486 4569 bene
2531 4503 2852 4587 magister

2193 4655 2261 4718 in
2306 4654 2582 4720 ueritate
2629 4653 2859 4720 dixisti
2906 4654 3060 4737 qnia

2364 4808 2530 4853 unns
2574 4796 2675 4854 est
