3634 5717
676 682 791 744 ⁸40

702 883 778 946 10
866 892 933 948 et
980 882 1245 949 dicebat
1286 886 1383 950 eis
1428 906 1556 967 quo

868 1035 1012 1118 cfiq’
1056 1035 1439 1101 introieritis
1486 1037 1551 1100 in

873 1187 1073 1253 domu
1120 1187 1209 1252 ibi
1257 1196 1517 1254 manete

868 1338 1080 1405 donec
1122 1339 1377 1407 exeatis
1427 1339 1580 1405 iude

706 1495 776 1557 ll
872 1491 956 1555 Et
999 1491 1257 1575 quieuq’
1300 1513 1429 1556 nou
1478 1491 1609 1557 reci

666 1684 731 1721 „n
758 1680 810 1720 aa
874 1643 1092 1726 perint
1135 1664 1253 1709 uos
1297 1664 1419 1708 nec
1465 1641 1619 1707 audi

866 1794 1041 1860 erint
1082 1815 1198 1861 vos
1242 1804 1557 1861 exeuntes
1603 1796 1668 1860 in

866 1944 949 2011 de
992 1946 1278 2012 excutite
1322 1947 1518 2030 pulue

864 2109 935 2163 re
982 2097 1065 2165 de
1112 2098 1327 2182 pedib’
1372 2099 1610 2165 uestris

867 2249 935 2313 in
983 2250 1361 2316 testimonii}
1407 2250 1543 2315 illis

704 2404 778 2465 12
870 2401 956 2466 Et
997 2410 1313 2468 exeuntes
1358 2400 1563 2487 praedi

666 2590 708 2631 ιο
734 2592 788 2631 so
858 2544 1106 2620 'cabant
1149 2560 1218 2620 ut
1265 2555 1549 2638 paeniten

704 2708 778 2770 13
866 2704 961 2771 tia}
1004 2713 1280 2788 agerent
1318 2713 1385 2770 et
1428 2704 1529 2769 ‹1ae

867 2855 1089 2921 monia
1129 2857 1334 2921 multa
1375 2856 1541 2921 eicie

864 3007 1024 3073 baut
1067 3015 1133 3072 et
1176 3013 1540 3090 unguentes

864 3158 1011 3223 oleo
1054 3157 1290 3222 multos
1336 3178 1529 3241 egros

863 3316 930 3373 et
968 3308 1296 3374 sanabant

696 3455 770 3518 14
858 3460 954 3525 cfi
1001 3462 1296 3529 audisset
1337 3470 1489 3528 autc

658 3538 806 3632 Bru}

659 3603 703 3632 ¹¹¹
707 3591 806 3683 ι’2·’7
863 3609 1139 3678 herodes
1187 3634 1300 3680 rex
1348 3616 1626 3681 manit'es

659 3696 721 3734 rut
751 3692 826 3735 144

659 3705 701 3785 ¹⁰
730 3744 780 3785 ‘⁹¹⁰
862 3765 929 3828 tu
977 3778 1085 3831 eni
1132 3766 1263 3831 «ei»
1308 3768 1520 3833 fuerat
1566 3789 1649 3832 no

860 3938 1007 3983 men
1056 3916 1170 3981 ihu
1218 3924 1283 3982 et
1327 3918 1591 3983 dicebat

858 4069 1014 4151 quia
1058 4068 1378 4133 iohannes
1425 4068 1553 4153 bap

855 4221 1014 4285 tista
1056 4217 1445 4284 surrexisset

857 4396 898 4440 a
941 4369 1210 4437 mortuis
1256 4376 1324 4436 et
1367 4369 1516 4436 ideo

852 4524 1126 4591 uirtutes
1173 4526 1527 4606 operantur

1806 681 2078 746 Mtcss

2028 887 2106 950 15
2193 884 2259 948 in
2310 884 2446 948 ino.
2493 882 2606 948 alii
2655 891 2805 948 aute
2852 883 2998 950 dice

2191 1036 2350 1101 baut
2393 1036 2549 1119 quia
2591 1035 2805 1102 helias
2843 1043 2944 1102 est

2192 1187 2307 1252 alii
2354 1207 2511 1261 uero
2557 1187 2867 1253 dicebaut

2192 1339 2348 1420 quia
2393 1338 2719 1423 propheta
2762 1348 2863 1404 est

2193 1489 2382 1570 quasi
2428 1509 2592 1555 unus
2636 1511 2717 1555 ex
2764 1510 2881 1574 pro

1991 1638 2138 1764 ¹¹¹1658
2192 1641 2409 1725 phetis
2454 1640 2598 1719 Quo
2642 1643 2868 1708 audito

1991 1725 2138 1884 ’Ἥ
2193 1792 2472 1858 herodes
2517 1794 2688 1860 dixit
2732 1807 2854 1878 quo
2901 1816 2937 1861 e

2189 1965 2274 2027 go
2322 1943 2646 2012 decollaui
2694 1947 2892 2011 iohau

2188 2066 2316 2162 neu
2363 2097 2472 2162 hic
2515 2118 2816 2165 resurrex

2022 2246 2093 2309 17
2185 2247 2237 2312 it
2283 2270 2326 2312 a
2370 2250 2644 2315 mortuis
2688 2251 2841 2334 Ipse
2888 2270 2924 2315 e

1983 2345 2053 2373 mr
2079 2331 2132 2373 59

1985 2383 2154 2476 m1²147
2192 2400 2326 2465 nim
2373 2401 2654 2467 herodes
2700 2402 2878 2467 misit

1985 2486 2028 2527 ¹
2058 2486 2106 2527 ¹2
2187 2559 2255 2617 et
2298 2554 2510 2618 tenuit
2552 2553 2839 2661 iohanne

2186 2710 2253 2769 et
2296 2704 2604 2788 alligauit
2650 2707 2732 2771 eu
2781 2706 2846 2770 in
2896 2728 3004 2771 car

2185 2877 2334 2922 cere
2376 2863 2646 2942 propter
2687 2857 2772 2923 he

2186 3006 2457 3073 rodiade
2506 3022 2706 3074 uxore
2752 3010 2865 3095 phi

2183 3158 2352 3243 lippi
2398 3161 2621 3227 fratris
2666 3162 2766 3226 sui
2814 3161 2969 3245 qvia

2020 3319 2096 3380 18
2183 3310 2461 3377 duxerat
2506 3318 2585 3378 ei
2633 3312 2793 3379 Dice

1981 3415 2052 3443 mr
2076 3403 2130 3443 50

1980 3454 2149 3545 ,msslffi
2186 3463 2299 3528 bat
2339 3475 2447 3529 eui
2493 3463 2800 3531 iohannis
2838 3465 2924 3529 he

1979 3555 2103 3597 ¹⁰¹²
2180 3614 2324 3680 rodi
2371 3637 2501 3681 non
2547 3616 2703 3681 licet
2746 3617 2863 3682 tibi

2184 3764 2425 3832 habere
2471 3775 2674 3834 uxore
2719 3770 2822 3834 fra

2019 3914 2092 3976 19
2181 3918 2298 3984 tris
2344 3920 2436 3984 tui
2484 3919 2765 3986 herodes
2811 3928 2961 3985 aute

2180 4069 2618 4136 insidiabatur
2663 4070 2757 4136 ini
2807 4079 2873 4138 et

2181 4221 2444 4286 uolebat
2489 4223 2787 4290 occidere

2003 4372 2088 4434 20
2175 4373 2257 4435 eu
2304 4393 2425 4439 nec
2471 4380 2733 4458 poterat
2777 4375 2859 4441 he

2177 4524 2371 4593 rodes
2416 4546 2571 4592 uero
2619 4534 2836 4593 metue

2344 4676 2457 4742 bat
