3634 5717
392 666 513 731 1⁴⁸0!
560 665 645 730 ‘14

559 868 687 935 bae
731 872 798 934 et
840 865 1151 952 pharisaei
1197 866 1390 935 dioen

562 1025 662 1086 tes
708 1038 909 1104 qnare
953 1017 1263 1105 diseipnli
1308 1021 1403 1088 tui

564 1191 693 1238 non
738 1176 1046 1238 secuntur
1085 1170 1260 1237 tradi

563 1322 745 1391 tione
789 1322 1056 1390 seniorfi
1103 1314 1239 1389 sed'

563 1497 693 1544 non
738 1476 894 1544 lotis
938 1476 1176 1544 manib’

565 1628 966 1697 manducant
1010 1650 1101 1717 pa

566 1793 649 1848 ne
694 1787 765 1849 at
806 1782 921 1850 ille
966 1782 1374 1869 respondens

564 1933 735 2002 dixit
776 1935 874 2002 eis
917 1937 1085 2004 bene
1130 1936 1383 2022 prophe

562 2088 734 2155 tanit
776 2089 996 2186 esaias
1040 2089 1124 2156 de
1162 2090 1349 2157 nobis

561 2240 995 2328 hypocritisss]
1043 2248 1110 2308 et
1152 2241 1324 2308 dixit

564 2393 843 2499 populns
886 2394 998 2461 hie
1039 2394 1237 2462 labiis
1280 2414 1385 2462 me

565 2546 847 2615 honorat
890 2568 1002 2615 eor
1045 2555 1198 2615 ante
1244 2548 1289 2614 il

567 2699 713 2765 lorii
757 2700 958 2786 longe
1004 2708 1104 2768 est
1147 2721 1190 2768 a
1234 2721 1338 2768 me

443 2852 479 2918 7
568 2852 636 2919 in
682 2874 855 2922 nano
900 2861 1052 2923 ante
1098 2874 1204 2921 me
1248 2874 1326 2921 oo

567 3006 712 3073 lnnt
755 3006 1067 3075 doeentes
1111 3007 1238 3075 doe

571 3159 782 3227 trinas
824 3167 895 3228 et
934 3180 1197 3247 praeoep

447 3312 487 3377 8
572 3318 645 3380 ta
684 3312 958 3379 hominfi
1000 3278 1327 3398 reliquen·

575 3470 675 3531 tes
718 3478 828 3532 eni
873 3466 1190 3535 mandatu
1234 3466 1305 3533 di

575 3616 815 3685 tenetis
858 3618 1214 3686 traditione

575 3771 844 3837 hominfi
888 3772 1221 3858 baptisma
1265 3792 1343 3837 ur

577 3924 773 3991 oeorfi
817 3930 888 3992 et
930 3925 1254 3993 ealiefi·et
1296 3924 1389 3991 ali

580 4095 623 4142 a
664 4076 914 4144 similia
954 4077 1060 4144 his
1111 4077 1332 4146 facitis

578 4227 787 4295 multa
825 4236 892 4297 et
936 4228 1199 4298 dioebat
1241 4229 1375 4295 illis

580 4381 747 4447 bene
792 4380 997 4449 inritfi
1040 4380 1260 4448 faoitis

586 4535 919 4620 proeoeptfi
966 4533 1036 4600 di
1077 4498 1151 4600 nt
1192 4532 1365 4600 tradi

582 4686 766 4754 tione
808 4692 1030 4754 nestra

522 4856 678 4901 Codex
705 4862 887 4902 aurens.

1475 664 1750 732 Mrc‘z

1721 867 1801 932 10

1725 1632 1798 1696 11

1726 2243 1804 2307 12

1730 2701 1807 2766 13

1730 3466 1812 3530 14

1886 867 2163 934 semotis
2208 887 2468 954 moyses
2513 878 2624 933 eni

1891 1018 2064 1086 dixit
2103 1021 2359 1089 honora
2400 1027 2589 1108 patre
2633 1027 2703 1089 tn

1891 1173 1934 1237 fi
1982 1178 2049 1239 et
2090 1180 2299 1241 matre
2343 1181 2524 1241 tuam
2562 1180 2630 1241 et
2674 1175 2782 1259 qvi

1889 1323 2308 1393 maledixerit
2351 1327 2526 1412 patri
2570 1331 2685 1393 ant

1889 1477 2083 1545 matri
2126 1484 2336 1546 morte
2380 1479 2592 1548 moria

1890 1636 1995 1697 tnr
2037 1650 2156 1698 uos
2201 1638 2356 1699 ante
2393 1586 2625 1700 dicitis

1888 1782 1946 1849 si
1990 1782 2235 1851 dixerit
2277 1784 2472 1852 homo
2517 1786 2692 1871 patri

1888 1942 2006 2002 ant
2049 1936 2244 2004 matri
2289 1918 2613 2025 conbanssj
2662 1938 2835 2037 qnod

1891 2095 1993 2156 est
2031 2088 2210 2155 donli
2257 2089 2576 2174 qnodefiq'
2621 2109 2704 2156 ex

1891 2260 1997 2308 me
2039 2241 2163 2308 tibi
2209 2240 2506 2328 proderit
2547 2246 2616 2308 et

1893 2394 2066 2462 ultra
2108 2415 2240 2463 non
2285 2392 2621 2462 dimittitis

1893 2549 1979 2615 eti
2025 2547 2306 2633 qnieqni
2348 2548 2566 2615 faeere
2610 2567 2699 2632 pa

1894 2700 1981 2766 tri
2024 2696 2143 2769 sno
2184 2706 2298 2767 aut
2341 2698 2536 2766 matri
2580 2717 2652 2764 re

1897 2852 2274 2921 scindentes
2318 2853 2522 2919 uerbi
2569 2850 2640 2917 di

1895 3026 2015 3092 per
2059 3005 2416 3074 traditione
2459 3024 2578 3072 nes

1894 3164 2003 3226 tri
2048 3179 2243 3244 qnam
2288 3157 2660 3226 tradidistis
2727 3186 2732 3190 ·

1898 3317 1966 3378 et
2010 3312 2259 3380 similia
2299 3310 2673 3378 huiusmodi

1898 3465 2104 3530 multa
2145 3463 2366 3531 facitis
2410 3469 2479 3531 et
2521 3460 2608 3529 ad

1897 3634 2143 3682 noeans
2186 3615 2356 3682 iterfi
2400 3614 2505 3680 ihs
2549 3620 2653 3679 tnr

1898 3769 1983 3835 ba
2025 3767 2290 3835 dioebat
2333 3766 2470 3833 illis
2516 3765 2673 3833 andi

1899 3929 1967 3989 te
2012 3942 2116 3989 me
2163 3940 2389 3987 omnes
2434 3927 2501 3988 et
2544 3920 2772 3987 intelle

1744 4075 1823 4142 15
1909 4073 2046 4159 gite
2095 4073 2261 4140 nihil
2309 4079 2412 4140 est
2454 4080 2643 4140 extra

1902 4225 2169 4293 homine
2215 4226 2535 4294 introiens

1905 4378 1970 4443 in
2019 4380 2101 4445 eti
2148 4377 2322 4464 quod
2368 4376 2579 4464 possit
2622 4377 2704 4443 eti

1910 4529 2335 4614 coinquinare
2380 4528 2497 4596 sed
2544 4549 2689 4613 qnae

2043 4683 2127 4749 de
2171 4682 2435 4749 homine

2593 4836 2657 4887 10

2809 666 2933 733 145
