3634 5717
790 615 916 680 22ss

859 1125 899 1186 2

845 2632 890 2694 4

777 2717 820 2759 le
846 2715 898 2759 76

853 2769 880 2811 2

1923 615 2195 681 Loca

993 816 1270 881 castella
1289 816 1655 899 praedicans
1669 823 1735 881 et
1749 836 2005 900 euange
2048 856 2055 861 -

992 952 1199 1032 lizane
1245 988 1515 1051 regnum
1563 968 1631 1033 di
1678 978 1744 1035 et
1788 970 2004 1039 duode

987 1131 1046 1185 ei
1093 1120 1399 1204 discipuli
1448 1141 1592 1185 oum
1625 1121 1738 1187 illo
1786 1131 1850 1188 et
1897 1144 2002 1190 mu

987 1272 1182 1338 lieres
1228 1292 1371 1354 quae
1417 1281 1603 1338 eraut
1634 1283 1874 1340 euratae
1919 1277 2003 1341 ab

988 1422 1265 1506 spiritib'
1311 1423 1642 1488 inmundis
1690 1432 1755 1490 et
1801 1426 1950 1490 infir

989 1573 1263 1639 mitatib'
1305 1575 1514 1640 maria
1558 1596 1701 1658 quae
1750 1566 2023 1644 uocaba'

989 1733 1091 1790 tur
1137 1727 1535 1810 magdalena
1592 1748 1671 1793 ea
1726 1750 1857 1812 qua
1900 1731 2001 1795 dae

984 1879 1206 1942 monia
1249 1888 1434 1963 septe
1481 1880 1801 1946 exierant.
1851 1882 1932 1946 Et

983 2027 1273 2095 iohanna
1317 2051 1477 2096 uxor
1520 2053 1715 2099 cuzae
1761 2053 1958 2117 procu

983 2182 1219 2248 tatoris
1266 2182 1526 2248 herodis
1572 2190 1638 2249 et
1680 2203 1878 2249 susan

983 2355 1070 2401 na
1099 2341 1167 2401 et
1197 2334 1344 2401 aliae
1373 2335 1615 2401 multae
1642 2355 1785 2418 quae
1817 2342 1884 2401 et
1905 2336 1992 2400 mi

983 2484 1352 2552 'nistrabant
1395 2487 1456 2552 ei
1503 2488 1587 2553 de
1632 2488 1880 2555 saeulta

981 2639 1092 2704 tib’
1135 2637 1271 2703 suis
1316 2637 1477 2703 Cum
1524 2659 1683 2724 ergo
1725 2640 1917 2706 turba

776 2823 844 2862 mt
869 2819 946 2862 132
981 2790 1262 2874 plurima
1307 2790 1687 2856 conueniret
1729 2798 1796 2857 et
1841 2792 1924 2858 de

775 2871 922 2913 mr36

977 2941 1290 3007 ciuitatib’
1337 2948 1767 3025 properarent

977 3092 1060 3159 ad
1107 3093 1190 3159 εὖ
1237 3091 1406 3159 dixit
1449 3092 1881 3161 similitudine

2180 1587 2219 1650 8

2313 818 2476 885 cidit
2519 839 2714 903 super
2759 827 2945 903 petra
2980 826 3056 885 ,et
3094 821 3253 884 natu

2312 951 2485 1036 aruit
2529 971 2684 1055 quia
2725 991 2854 1034 non
2908 969 3193 1035 habebat
3238 970 3328 1035 hu

2257 1208 2270 1221 ³
2310 1143 2574 1189 morem.
2622 1122 2705 1189 Et
2748 1112 2927 1187 aliud
2967 1121 3206 1187 cecidit
3248 1142 3329 1186 ev

2312 1295 2428 1358 per
2471 1275 2698 1359 spinas
2744 1282 2810 1339 et
2852 1273 3046 1339 simul
3094 1293 3255 1339 exor

2309 1431 2416 1492 tae
2461 1427 2670 1532 spiuae
2715 1426 3196 1492 suffoeaueruut
3248 1464 3255 1469 ·

2308 1577 2488 1646 inud.
2531 1586 2597 1645 et
2641 1547 2823 1645 aliud
2852 1578 3094 1644 oeoidit
3122 1580 3189 1644 in
3220 1588 3325 1646 ter

2307 1740 2379 1793 ra
2426 1729 2596 1797 bona
2636 1738 2705 1825 et
2750 1732 2980 1797 exortu
3027 1732 3185 1797 feeit

2306 1881 2580 1946 fructum
2628 1849 2998 1967 centuplum
3041 1883 3183 1949 haee

2303 2031 2528 2098 dicens
2583 2036 2912 2102 clamabat
2964 2035 3072 2118 qui
3117 2035 3323 2102 habet

2304 2204 2495 2251 aures
2539 2186 2852 2252 audiendi
2899 2187 3126 2255 audiat
3164 2188 3231 2253 in

2303 2342 2802 2421 terrogauerunt
2844 2347 2996 2405 aute
3042 2341 3122 2406 ei

2302 2486 2610 2572 discipuli
2656 2491 2796 2557 eius
2842 2512 3011 2575 quae
3058 2504 3233 2559 esset

2134 2638 2213 2704 10
2248 2634 2257 2643 ’
2299 2638 2463 2706 haee
2507 2642 2828 2725 parabula
2871 2644 3040 2727 quib'
3087 2644 3233 2727 ipse

2303 2790 2473 2857 dixit
2513 2794 2700 2859 uobis
2748 2794 2909 2860 datu
2954 2804 3055 2861 est
3094 2816 3215 2861 nos

2299 2962 2372 3008 se
2417 2918 2732 3029 ruysteriu
2776 2948 2965 3030 regni
3012 2948 3080 3013 di

2093 3099 2137 3141 1⁰
2163 3097 2214 3194 's'
2300 3095 2571 3162 Caeteris
2615 3103 2833 3164 autem
2881 3097 2947 3164 in
2993 3100 3241 3183 parabo

2092 3204 2162 3244 mt
2188 3202 2263 3246 134

840 3245 881 3308 5
967 3244 1100 3310 tale
1145 3243 1230 3311 ad
1276 3244 1425 3312 illos
1468 3265 1621 3313 ecee
1666 3247 1831 3313 exiit
1875 3247 1984 3330 qui
2092 3254 2240 3297 mr³⁷
2297 3246 2382 3312 lis
2423 3254 2497 3313 ut
2540 3248 2840 3316 uidentes
2886 3271 3015 3316 non
3062 3252 3214 3319 uide

970 3397 1253 3462 seminat
1295 3398 1620 3466 seminare
1661 3420 1884 3467 semen

969 3524 1152 3613 suum
1199 3554 1267 3615 et
1311 3549 1398 3615 du
1445 3549 1728 3617 seminat
1771 3551 1950 3618 aliud

967 3701 1205 3767 oeeidit
1249 3721 1436 3767 secus
1482 3701 1589 3766 uia
1635 3710 1699 3767 et
1742 3723 1864 3768 eon

966 3853 1224 3918 euleatfl
1272 3858 1372 3918 est
1416 3858 1482 3917 et
1517 3854 1815 3920 uolucres

966 4003 1110 4069 oaeli
1155 4001 1578 4069 comederunt
1622 4005 1803 4072 illud.
1850 4014 1918 4073 et

966 4154 1145 4220 aliud
1192 4175 1268 4221 ee

2088 3302 2133 3347 io
2158 3304 2238 3348 109

2296 3406 2410 3464 ant
2448 3407 2514 3464 et
2558 3400 2903 3468 audientes
2948 3424 3076 3469 non
3124 3406 3191 3469 in

2088 3562 2206 3689 ¹172
2292 3551 2612 3634 tellegant
2659 3554 2815 3620 Haee
2860 3563 2962 3622 est
3005 3566 3155 3622 aute

2084 3698 2256 3791 mt²133
2290 3704 2610 3788 parabola
2651 3725 2872 3774 semen
2923 3716 3023 3775 est
3065 3730 3180 3776 uer

2084 3812 2156 3842 mr
2180 3801 2231 3844 38

2121 3868 2201 3932 12
2288 3854 2375 3919 bu
2421 3854 2489 3922 di
2536 3858 2645 3941 qui
2693 3867 2843 3926 aute
2888 3880 3076 3927 secus
3121 3861 3232 3927 uia

2289 4014 2439 4073 sunt
2493 4008 2585 4074 hii
2647 4011 2756 4093 qui
2802 4012 3076 4079 audiunt
3119 4013 3306 4079 uenit

2288 4167 2438 4226 aute
2480 4161 2782 4230 diabulus
