3634 5717
369 606 490 671 Fol
533 606 619 671 34

399 1269 484 1333 28

366 1358 435 1396 mt
461 1353 538 1396 152

418 1406 467 1446 10

391 3703 464 3766 31

391 4428 527 4517 32'

572 807 675 872 ihs
719 808 969 875 loeutus
1015 815 1118 874 est
1162 809 1258 876 eis

569 959 796 1027 dicens
840 960 1078 1027 habete
1123 960 1166 1025 fi
1283 933 1287 937 ‚

572 1111 765 1178 dueia
808 1133 933 1198 ego
978 1115 1058 1178 sti
1103 1115 1238 1179 noli

570 1270 637 1330 te
681 1264 910 1331 timere
955 1266 1130 1349 Resp

570 1416 821 1482 ondens
866 1424 1083 1483 autem

569 1581 789 1652 petrus
836 1568 1005 1636 dixit
1050 1570 1180 1637 dfie

568 1718 627 1784 si
671 1726 739 1786 tu
784 1741 854 1787 es
900 1721 1049 1788 iube
1094 1744 1197 1790 me
1238 1744 1319 1791 ue

570 1872 711 1939 nire
757 1875 842 1940 ad
881 1881 945 1940 te
991 1896 1188 1961 super
1232 1898 1274 1942 a

568 2045 727 2107 quas
772 2033 842 2092 at
886 2026 997 2092 ille
1045 2026 1214 2093 dixit

569 2178 719 2244 ueni
765 2186 831 2244 et
876 2178 1268 2246 descendens

568 2294 791 2412 petrus
837 2331 919 2398 de
964 2333 1199 2398 nauiev

570 2483 637 2583 la
681 2485 1057 2551 ambulabat
1100 2505 1176 2550 su

571 2656 687 2719 per
731 2649 900 2719 aqna
944 2642 1023 2718 ut·
1054 2637 1205 2704 ueni

571 2793 672 2854 ret
715 2787 800 2854 ad
844 2787 976 2853 ihm
1023 2789 1256 2856 uidens

569 2959 724 3040 uero
770 2943 970 3005 uentfi
1015 2941 1151 3007 nali

570 3091 721 3158 dum
767 3092 984 3159 timuit
1028 3099 1094 3160 et
1137 3095 1218 3159 el'l

554 3205 896 3328 'coepisset
939 3245 1147 3328 mergi

567 3394 877 3462 clamauit
915 3394 1141 3461 dicens

566 3547 697 3613 (ifle
740 3497 952 3615 saluti·
976 3568 1078 3613 me
1123 3547 1229 3613 fae

565 3706 631 3765 et
674 3699 981 3765 continuo
1025 3699 1129 3763 ihs

563 3851 921 3918 extendens
967 3853 1164 3918 manti

563 4010 628 4068 et
679 3982 1137 4087 adpraeliendit

566 4156 646 4220 εὖ
693 4161 759 4220 et
804 4156 898 4220 ait
941 4155 1038 4219 ini
1081 4156 1257 4222 modi

564 4318 656 4371 ‹5ae
700 4307 857 4399 fidei
904 4328 1103 4390 quare
1149 4307 1233 4372 dv

562 4459 783 4523 bitasti
830 4459 913 4523 Et
954 4440 1035 4523 ‘mi
1084 4479 1195 4523 ase

1173 4630 1254 4673 en

1378 608 1474 674 Mt
1517 610 1567 674 C
1616 609 1823 677 1415

1689 814 1859 907 mt51⁵3
1898 810 2104 878 disset
2149 813 2215 877 in
2262 813 2565 880 nauicula

1692 929 1763 959 mr
1788 916 1840 957 54

1893 965 2179 1031 cessauit
2223 972 2454 1032 uentus

1721 1103 1805 1170 33
1893 1115 2003 1199 qui
2048 1123 2265 1183 autem
2311 1117 2376 1181 in
2423 1118 2709 1203 na[vi]eu

1893 1267 1959 1332 la
2004 1276 2192 1334 erant
2236 1276 2556 1336 uenerunt

1893 1424 1957 1482 et
2003 1417 2442 1487 adorauerunt
2486 1424 2568 1486 e1'1

1893 1567 2186 1636 dieentes
2233 1591 2386 1638 uere
2433 1572 2501 1638 di
2547 1573 2588 1637 fi

1891 1719 2018 1784 lius
2062 1742 2132 1787 es

1890 1871 1973 1938 Et
2018 1875 2097 1940 οΐι
2143 1848 2420 1942 fretasse

1719 1869 1804 1997 *¹32

1753 1955 1856 2203 ἓᾶωξΰ

1890 2034 2036 2092 sent
2080 2035 2398 2094 uenerunt
2436 2028 2504 2094 in

1684 2122 1756 2203 ἔξ
1686 1951 1755 2048 ἐπ’

1892 2185 2066 2244 terra
2109 2200 2436 2263 gennesar
2481 2187 2547 2247 et

1720 2212 1803 2277 s?

1890 2352 2033 2397 eum
2079 2333 2545 2416 eognouissent

1890 2505 2034 2549 eum
2080 2485 2202 2550 uiri
2248 2485 2377 2551 loci
2421 2467 2597 2549 illius

1890 2635 2204 2703 miserunt
2249 2636 2314 2702 in
2353 2637 2586 2703 uniuer

1889 2801 1964 2853 sa
2007 2788 2276 2872 regione
2318 2790 2434 2854 illa
2477 2797 2543 2856 et

1888 2940 2258 3007 obtulerunt
2301 2941 2362 3008 ei
2409 2930 2515 3007 om

1886 3112 2004 3158 nes
2049 3093 2222 3159 male
2266 3093 2585 3160 habentes

1716 3248 1799 3311 36
1887 3250 1952 3308 et
1995 3244 2322 3328 rogabant
2368 3246 2449 3311 eii
2495 3251 2566 3310 ut

1887 3395 1988 3460 uel
2036 3396 2293 3463 fimbria
2328 3399 2494 3463 uesti

1887 3547 2088 3612 menti
2133 3547 2273 3613 eius
2318 3553 2520 3633 tange

1887 3705 2030 3764 rent
2069 3706 2133 3765 et
2177 3700 2436 3783 quiefiq'
2480 3699 2599 3765 teti
2709 3722 2722 3732 ·

1882 3858 2119 3934 gerunt
2162 3851 2330 3917 salui
2377 3851 2518 3917 steti
2564 3859 2714 3917 sunt

1680 4011 1729 4076 O
1761 4014 1837 4080 15
1882 4002 2069 4068 Tune
2112 4012 2527 4071 accesserunt

1676 4096 1848 4241 ffiffiz
1883 4154 1969 4220 ad
2016 4176 2158 4221 eum
2205 4130 2437 4221 seribae
2482 4163 2549 4222 et
2592 4157 2728 4240 pha

1679 4265 1752 4295 mr
1779 4252 1826 4297 ῃ
1881 4307 2035 4372 risei
2083 4308 2167 4373 ab
2210 4308 2523 4375 hierusoli

1750 4459 1792 4521 2
1881 4458 2002 4522 mis
2043 4457 2336 4525 dieentes
2383 4481 2513 4542 qua

1880 4629 1948 4674 re
1995 4607 2300 4693 discipuli
