3634 5717
459 582 576 649 Fol
627 585 714 650 30

658 789 939 855 seminat
982 791 1309 858 seminare

530 940 574 1003 4
661 947 725 1005 et
767 940 854 1005 du
900 943 1184 1009 seminat
1229 965 1372 1027 quae

657 1092 808 1159 dam
856 1095 1232 1164 cecideruut
1270 1117 1342 1163 se

654 1266 766 1312 eus
808 1248 919 1312 uia
963 1254 1029 1315 et
1072 1256 1390 1349 uenerungz

652 1400 950 1466 uolucres
996 1408 1061 1468 et
1106 1422 1141 1467 e
1172 1424 1274 1469 me

518 1554 561 1618 5
648 1553 882 1619 derunt
928 1574 1009 1620 ea
1053 1554 1189 1620 alia
1232 1562 1382 1620 aute

651 1705 1025 1772 cecideruut
1070 1676 1138 1772 iu
1183 1713 1369 1791 petro

648 1877 725 1925 sa
769 1860 876 1925 ubi
922 1881 1051 1926 non
1096 1860 1428 1927 habebant

648 2020 821 2079 terra
864 2014 1066 2079 multa
1108 2020 1173 2079 et
1212 2034 1333 2079 con

651 2165 832 2231 tinuo
879 2160 1107 2232 eitorta
1151 2174 1302 2232 sunt

650 2317 805 2401 quia
844 2338 974 2383 non
1021 2317 1352 2385 habebant

650 2471 996 2537 altitudine
1041 2479 1231 2538 terrae

527 2629 567 2692 6
653 2626 792 2691 sole
837 2631 987 2691 aute
1034 2632 1258 2691 exorto

646 2784 1087 2845 aestuauerunt
1131 2784 1197 2844 et
1241 2777 1396 2861 qvia

642 2888 774 2997 uon
821 2929 1154 2996 habebunt
1198 2951 1272 2997 ra

530 3087 566 3150 7
659 3084 803 3149 diee
851 3088 1158 3149 aruerunt
1201 3082 1338 3149 alia

649 3243 797 3303 aute
842 3235 1216 3301 oeciderunt

646 3390 711 3454 in
757 3389 983 3474 spinas
1029 3395 1094 3453 et
1139 3408 1330 3453 ereue

643 3547 794 3607 runt
836 3542 1066 3625 spinae
1113 3547 1178 3607 et
1220 3543 1332 3607 suf

401 3723 417 3733 -
519 3700 559 3761 8
646 3697 1028 3762 foeauerunt
1073 3714 1155 3760 ea
1198 3694 1332 3760 alia

644 3868 799 3915 uero
845 3847 1221 3915 eeeiderunt

643 4002 710 4067 in
760 4007 933 4068 terra
975 4001 1148 4066 bona
1192 4006 1258 4066 et
1302 3989 1390 4066 da

642 4155 802 4219 bunt
845 4154 1057 4219 fructu
1102 4152 1307 4219 aliud'

644 4322 686 4372 c
732 4307 914 4373 aliud
958 4322 1056 4371 Lx
1103 4304 1282 4372 aliud
1329 4320 1479 4370 xxx

507 4464 549 4527 9
637 4460 746 4544 qui
790 4459 994 4526 habet
1036 4478 1227 4524 aures
1279 4479 1361 4524 au

645 4611 872 4691 diendi
919 4608 1147 4687 audiat

1580 588 1767 656 MtG
1818 593 1897 658 13

1828 795 1906 861 10
1990 802 2057 859 et
2100 796 2488 863 aecedentes
2534 798 2699 864 disci

1987 946 2124 1030 puli
2170 947 2476 1014 dixerunt
2521 950 2581 1016 ei
2629 972 2829 1034 quare
2911 940 2930 957 ⁴

1982 1098 2049 1162 in
2097 1101 2431 1182 parabolis
2477 1103 2694 1186 loq'ris

1818 1256 1891 1319 11
1985 1250 2081 1316 eis
2128 1216 2239 1334 uui
2284 1254 2691 1337 respondens

1950 1394 2076 1468 'ait
2122 1403 2255 1469 illis
2301 1405 2454 1488 quia
2496 1407 2683 1472 uobis
2730 1406 2818 1472 da

1979 1562 2048 1620 tu
2096 1562 2196 1621 est
2240 1572 2420 1624 nossse
2466 1558 2783 1643 mysteria

1976 1709 2161 1791 regni
2209 1711 2449 1776 eaeloru
2494 1711 2626 1776 illis
2672 1732 2755 1777 au

1817 1865 1928 1964 12ο
1983 1869 2044 1927 te
2093 1883 2221 1928 non
2269 1870 2370 1928 est
2416 1863 2577 1929 datu
2623 1863 2749 1942 Qui

1770 1949 1944 2095 :53:36
1980 2026 2086 2080 eni
2132 2014 2332 2081 habet
2369 2014 2630 2082 dabitur

1976 2167 2039 2233 ei
2084 2174 2151 2234 et
2194 2167 2603 2234 habundabit
2648 2170 2757 2252 qvi

1976 2326 2126 2386 aute
2171 2340 2301 2385 non
2348 2320 2548 2386 habet
2592 2321 2764 2403 qvod

1976 2472 2169 2539 habet
2213 2473 2541 2538 auferetur
2586 2474 2669 2539 ab
2713 2494 2792 2539 eo

1807 2626 1886 2690 13
1973 2625 2131 2709 Ideo
2177 2627 2245 2690 in
2290 2624 2625 2709 parabotis
2671 2626 2735 2690 lo

1769 2713 1838 2753 mt
1863 2710 1938 2753 134

1765 2761 1915 2857 „1237
1978 2798 2137 2861 quor
2182 2777 2279 2843 eis
2327 2776 2481 2860 quia
2524 2776 2720 2843 uiden

1765 2866 1810 2961 ἐξ
1837 2867 1891 2960 {tf
1973 2936 2073 2996 tes
2121 2952 2248 2995 non
2294 2930 2521 2996 uident
2566 2937 2631 2996 et

1975 3083 2317 3149 audientes
2364 3104 2493 3149 non
2543 3104 2626 3150 au

1972 3233 2159 3300 diunt
2203 3237 2347 3318 neq'
2391 3235 2784 3319 intellegvnt

1805 3390 1885 3453 14
1973 3394 2039 3453 et
2082 3394 2236 3453 tune
2281 3388 2656 3472 implebitur

1968 3540 2037 3604 in
2077 3540 2212 3605 illis
2259 3540 2609 3624 prophetia
2651 3561 2686 3605 e

1968 3691 2152 3759 saiae
2198 3692 2478 3758 dicentis
2522 3710 2680 3756 aure

1971 3827 2254 3912 audietis
2299 3852 2365 3910 et
2407 3865 2536 3909 non
2583 3843 2811 3910 intelle

1971 4000 2128 4084 gitis
2174 4005 2241 4066 et
2283 3996 2583 4064 uidentes
2630 3996 2695 4061 ui

1971 4151 2209 4218 debitis
2255 4157 2321 4217 et
2365 4170 2496 4215 non
2542 4148 2697 4214 uide

1804 4304 1883 4370 15
1926 4324 1934 4332 ·
1968 4305 2122 4371 bitis
2169 4304 2536 4369 incrassati}

1972 4465 2072 4526 est
2116 4459 2291 4523 enim
2336 4472 2445 4522 eor
2491 4473 2666 4539 popu

2379 4607 2426 4673 li
2471 4607 2662 4671 huius

2934 604 3018 667 55
