3634 5717
365 660 484 728 Fol
535 662 656 729 154
1446 669 1561 735 Iob
1609 669 1660 734 C
1706 672 1746 735 2
1789 670 1831 736 3
2778 673 2901 740 307

567 868 817 953 templfi
860 869 987 936 hoo
1030 878 1097 938 et
1139 878 1209 938 tu
1253 872 1338 939 tri
1681 871 1815 1002 g?
1879 872 2039 940 Erat
2081 880 2301 941 autem
2344 874 2538 940 homo
2582 895 2669 941 ex
2710 875 2847 961 pha

567 1022 625 1087 b'
671 1022 841 1090 dieb'
879 1022 1198 1090 excitabis
1242 1023 1406 1090 illud
1886 1024 2077 1093 riseis
2124 1025 2502 1094 nicodemus
2550 1047 2634 1094 no

393 1176 473 1240 21
563 1175 678 1242 ille
730 1182 882 1243 aute
929 1175 1190 1243 dieebat
1229 1175 1314 1244 de
1355 1183 1422 1243 te
1888 1178 2063 1244 mine
2107 1179 2415 1264 princeps
2452 1180 2752 1248 iudaeorfi

388 1327 472 1394 22
561 1330 672 1412 plo
717 1328 1012 1413 eorporis
1056 1328 1158 1396 sui
1204 1341 1283 1397 en
1324 1352 1396 1399 er
1758 1336 1799 1399 2
1887 1328 1998 1394 hie
2039 1330 2222 1396 uenit
2265 1329 2352 1397 ad
2396 1331 2530 1397 ihm
2571 1339 2762 1400 noete

564 1501 650 1565 go
694 1481 1161 1549 resurrexisset
1199 1503 1241 1549 a
1885 1488 1950 1548 et
1992 1479 2162 1549 dixit
2207 1482 2268 1549 ei
2310 1483 2499 1550 rabbi
2543 1485 2785 1551 seimus

563 1634 834 1700 mortuis
879 1654 1246 1703 rememora
1884 1634 2040 1718 quia
2083 1655 2125 1701 a
2168 1633 2253 1703 do
2297 1635 2541 1704 uenisti
2584 1635 2799 1722 magis

559 1786 611 1851 ti
656 1792 807 1853 sunt
845 1786 1155 1872 discipuli
1197 1788 1339 1855 eius
1883 1792 1983 1852 ter
2031 1806 2221 1853 nemo
2270 1787 2447 1855 enim
2491 1796 2711 1874 potest

560 1940 715 2025 quia
757 1940 882 2007 hoo
924 1939 1187 2009 dicebat
1232 1948 1297 2008 et
1885 1938 2053 2005 haee
2093 1938 2291 2024 signa
2332 1940 2553 2008 faeere
2600 1961 2770 2026 quae
2866 2038 2875 2047 ι

561 2093 978 2161 erediderunt
1020 2093 1270 2178 seriptu
1885 2096 1956 2156 tu
1999 2090 2166 2158 facis
2210 2091 2342 2159 nisi
2387 2092 2584 2160 fuerit
2627 2093 2706 2160 ds
2750 2103 2831 2161 on

562 2266 677 2312 rae
720 2252 786 2313 et
828 2246 1114 2313 sermoni
1158 2256 1283 2331 que
1323 2245 1438 2311 dix
1752 2233 1793 2299 3
1883 2262 1962 2309 eo
2008 2243 2352 2328 respondit
2395 2244 2502 2311 ihs
2548 2252 2614 2312 et
2660 2244 2775 2311 dix
2868 2304 2877 2317 ,

391 2384 474 2451 23
560 2400 614 2465 it
655 2397 761 2464 ihs
805 2418 949 2465 oum
996 2404 1148 2466 aute
1195 2417 1266 2465 es
1882 2395 1934 2460 it
1977 2396 2041 2464 ei
2086 2417 2277 2463 amen
2324 2417 2515 2464 amen
2561 2395 2710 2463 dieo
2756 2395 2877 2463 tibi

561 2557 661 2619 set
701 2550 1163 2636 hierosolymis
1881 2546 2011 2614 nisi
2056 2549 2202 2634 quis
2246 2555 2440 2616 natus
2481 2547 2679 2616 fuerit
2717 2546 2801 2614 de

559 2704 625 2770 in
672 2702 924 2788 paseha
963 2702 1032 2768 in
1078 2700 1189 2768 die
1232 2701 1400 2768 festo
1882 2720 2012 2768 nuo
2057 2721 2186 2768 non
2226 2708 2446 2787 potest
2489 2700 2717 2769 uidere

559 2855 745 2923 multi
790 2853 1208 2923 erediderunt
1747 2849 1788 2914 4
1877 2873 2150 2939 regnum
2192 2853 2263 2919 di
2303 2853 2467 2921 dieit

559 3007 626 3073 in
672 3006 938 3074 nomine
982 3005 1123 3074 eius
1169 3005 1366 3076 uiden
1755 3081 1765 3091 ⁶
1878 3003 1966 3072 ad
2010 3025 2156 3072 enm
2200 3005 2583 3074 nioodemus
2626 3025 2753 3092 quo

559 3166 658 3227 tes
702 3160 898 3245 signa
925 3130 1110 3244 ‘quae
1158 3159 1330 3227 faeie
1877 3157 2074 3226 modo
2117 3166 2336 3245 potest
2379 3158 2572 3226 homo
2619 3157 2703 3253 de

384 3304 473 3369 24
556 3314 670 3380 bat
714 3312 858 3397 ipse
903 3319 1120 3379 autem
1164 3312 1269 3378 ihs
1877 3329 2006 3376 nuo
2054 3310 2236 3377 nasei
2280 3311 2362 3377 eii
2408 3311 2497 3377 sit
2539 3330 2745 3379 senex

557 3486 687 3533 non
734 3463 1043 3532 credebat
1084 3469 1294 3533 semet
1879 3461 2190 3547 numquid
2238 3468 2456 3546 potest
2499 3462 2694 3530 bomo

557 3618 770 3703 ipsum
818 3617 913 3684 eis
959 3637 1039 3685 eo
1083 3614 1257 3701 quod
1303 3615 1370 3700 ip
1875 3615 1944 3681 in
1990 3621 2219 3682 uentre
2262 3614 2493 3681 matris
2537 3632 2672 3681 sues

388 3766 473 3832 25
558 3791 632 3838 se
675 3776 899 3837 nosset
945 3788 1170 3836 omnes
1216 3775 1281 3835 et
1878 3768 2115 3835 iterato
2158 3764 2431 3833 introire
2475 3772 2542 3832 et
2585 3782 2706 3830 nas

556 3923 711 4006 quia
754 3941 917 4006 opus
962 3921 1025 3988 ei
1068 3941 1198 3987 non
1240 3926 1383 3987 erat
1740 3922 1783 3985 5
1871 3920 1929 3987 ei
1973 3927 2039 3987 et
2076 3917 2420 4004 respondit
2462 3917 2568 3983 ihs
2613 3866 2807 3983 amen

552 4081 623 4140 ut
667 4074 906 4159 aliquis
952 4072 1219 4139 testimo
1877 4092 2068 4140 amen
2114 4071 2260 4139 dieo
2305 4070 2426 4136 tibi
2470 4068 2599 4137 nisi
2647 4067 2791 4153 quis

552 4224 667 4291 nifi
713 4224 1108 4310 perhiberet'
1130 4224 1193 4292 ei
1238 4224 1320 4294 de
1876 4231 2142 4291 renatus
2186 4222 2384 4290 fuerit
2428 4242 2512 4290 ex
2556 4239 2729 4305 aqua

549 4378 815 4445 homine
860 4378 1004 4462 ipse
1050 4383 1201 4443 aute
1246 4377 1340 4443 sei
1879 4383 1944 4443 et
1987 4377 2110 4461 spfi
2156 4387 2267 4444 seo
2313 4395 2443 4442 non
2491 4379 2710 4459 potest

441 4560 461 4585 α
551 4530 704 4597 ebat
746 4528 904 4613 quid
947 4535 1124 4596 esset
1169 4527 1237 4593 in
1741 4529 1783 4592 6
1871 4527 2097 4595 uidere
2138 4527 2350 4612 regnfi
2395 4525 2484 4592 di.
2526 4523 2699 4616 quod
2750 4543 2837 4589 na

722 4681 987 4747 homine
1877 4687 1950 4746 tn
1994 4686 2097 4748 est
2140 4677 2223 4747 de
2267 4697 2464 4745 earne
2507 4695 2662 4743 caro
2707 4680 2808 4742 est
2888 4644 2905 4652 “

2478 4827 2585 4884 m.
