3634 5717
432 644 553 729 F'ol
597 663 681 730 53

464 864 540 927 21
634 863 729 929 ait
772 866 870 931 illi
917 867 1041 933 dfis
1086 867 1226 933 eius
1273 886 1440 949 euge
1482 865 1565 931 bo

633 1039 718 1085 ne
762 1038 950 1085 serus
997 1024 1063 1084 et
1106 1016 1321 1083 fidelis
1368 1018 1523 1100 qvia

634 1190 830 1255 super
875 1190 1088 1254 pauca
1131 1168 1312 1234 fuisti

638 1320 852 1387 fidelis
897 1340 1095 1405 super
1140 1321 1347 1387 multa

638 1482 703 1537 te
747 1472 1073 1537 constitus
1116 1472 1291 1538 intra

463 1623 546 1687 22
637 1626 703 1689 in
750 1623 998 1708 gaudia
1044 1623 1161 1689 dni
1204 1624 1297 1688 tui
1345 1640 1519 1690 aeo‘s

634 1775 722 1841 sit
765 1782 916 1842 ants
962 1781 1028 1841 et
1072 1774 1181 1858 qui
1228 1775 1354 1840 duo
1401 1781 1471 1839 ta

598 1888 817 1993 ‘lenta
861 1927 1195 2011 aoeiper'at
1238 1926 1334 1992 ait

638 2077 767 2142 dfie
813 2075 940 2143 duo
986 2077 1236 2144 talenta
1280 2085 1383 2144 tra

638 2227 866 2294 didisti
912 2228 1073 2293 mihi
1117 2249 1272 2295 eece
1317 2228 1452 2295 alia

379 2413 384 2417 ·
463 2383 545 2447 23
634 2380 760 2446 duo
807 2380 1091 2449 lucratus
1136 2389 1216 2445 sfi
1263 2379 1359 2446 ait

638 2531 736 2596 illi
781 2530 905 2596 dfis
947 2530 1086 2596 eius
1143 2550 1309 2614 euge
1354 2549 1509 2596 ser·

639 2703 718 2748 ue
761 2682 930 2747 bone
976 2689 1042 2747 et
1084 2680 1299 2748 fidelis

638 2832 792 2916 quia
831 2854 1028 2918 super
1071 2853 1284 2918 pauca
1327 2834 1396 2898 fu

637 2986 747 3051 isti
798 2985 1013 3052 fidelis
1058 3005 1253 3070 super
1298 2986 1429 3050 mvl

636 3143 708 3202 ta
750 3143 815 3202 te
859 3137 1184 3202 constituit
1226 3136 1404 3202 intra

468 3280 552 3344 24
636 3287 703 3352 ἰιι
751 3287 1000 3370 gaudini
1045 3286 1159 3352 dfii
1204 3287 1297 3352 tui
1342 3307 1422 3353 ao

640 3438 879 3504 cedens
924 3444 1075 3504 ants
1121 3444 1186 3503 et
1230 3436 1340 3521 qui

639 3600 772 3655 unsx
818 3591 1134 3656 talentum
1181 3609 1336 3655 acce

642 3749 830 3826 perat
873 3742 967 3809 ait
1012 3740 1142 3807 dfie
1187 3741 1323 3807 scio

643 3892 796 3975 quia
839 3892 1032 3959 homo
1074 3891 1271 3958 durus
1317 3912 1388 3958 es

645 4049 848 4109 metes
893 4042 1004 4107 ubi
1047 4064 1176 4109 non
1223 4043 1386 4108 semi

577 4173 591 4181 ’
646 4193 816 4258 uasti
862 4201 928 4260 et
971 4214 1337 4279 congregas

478 4344 561 4408 25
646 4345 757 4410 ubi
803 4365 932 4409 non
979 4345 1281 4430 sparsisti
1329 4346 1377 4411 ti

648 4516 832 4562 mens
875 4496 1009 4562 abii
1053 4503 1119 4562 et
1157 4497 1402 4563 abscon

819 4647 886 4713 di
931 4649 1187 4714 talentfi

1549 663 1642 729 Mt
1686 662 1737 730 C
1780 664 1866 730 25
2853 670 2970 737 101

1865 958 1884 965 -
1955 874 2136 934 tuum
2182 870 2246 934 in
2293 876 2470 936 terra
2515 891 2665 937 ecoe
2704 871 2793 936 ha

1784 1022 1869 1086 26
1954 1017 2070 1085 bes
2116 1021 2286 1102 quod
2333 1027 2446 1085 tufi
2494 1027 2593 1086 est
2637 1023 2731 1087 Re

1957 1170 2291 1254 spondens
2339 1178 2556 1238 autem
2603 1170 2726 1238 diis

1956 1321 2095 1387 eius
2142 1320 2312 1388 dixit
2357 1323 2419 1389 ei
2464 1343 2652 1417 seme
2696 1345 2779 1391 ne

1955 1491 2148 1554 quam
2194 1480 2260 1539 et
2305 1473 2495 1556 piger
2538 1474 2673 1540 soie

1958 1623 2071 1688 bas
2118 1623 2272 1706 quia
2320 1632 2492 1689 meto
2538 1624 2649 1690 ubi
2696 1648 2824 1692 non

1954 1775 2204 1841 semino
2252 1782 2316 1840 et
2362 1795 2694 1859 oongrego

1783 1908 1870 1980 27'
1955 1922 2063 1987 ubi
2109 1943 2240 1988 non
2286 1926 2496 2009 sparsi
2543 1934 2776 2010 oportu

1955 2074 2007 2138 it
2052 2094 2209 2158 ergo
2255 2083 2321 2142 te
2366 2077 2700 2142 comittere

1956 2225 2234 2308 pecunia
2279 2246 2491 2292 meam
2533 2240 2728 2294 nuffiv

1955 2376 2138 2442 latiis
2186 2383 2251 2442 et
2287 2378 2562 2444 ueniens
2609 2399 2732 2463 ego

1954 2528 2268 2612 recipisse
2316 2529 2472 2612 utiq'
2515 2529 2687 2613 quod

1957 2700 2171 2746 meum
2217 2687 2360 2747 erat
2404 2701 2547 2747 oum
2591 2701 2789 2748 usura

1785 2829 1868 2892 28
1956 2831 2168 2897 tollite
2213 2831 2367 2916 itaq'
2414 2833 2496 2899 ab
2542 2853 2619 2899 eo
2663 2836 2842 2901 talen

1959 2983 2032 3045 tfi
2079 2989 2144 3048 et
2188 2983 2342 3050 date
2389 2984 2449 3049 ei
2495 2984 2604 3068 qui
2645 2984 2847 3051 habet

1783 3134 1866 3196 29
1956 3131 2181 3199 decem
2227 3136 2478 3201 talenta
2521 3134 2720 3201 Omni

1754 3222 1817 3260 mt
1848 3219 1924 3261 272

1754 3270 1903 3363 „³²45
1957 3285 2131 3350 enim
2175 3285 2442 3352 habenti
2490 3287 2754 3353 dabitur

1752 3374 1795 3414 ¹0
1824 3372 1902 3413 mo
1957 3444 2023 3503 et
2061 3436 2470 3502 habundabit
2513 3437 2575 3503 ei
2620 3444 2771 3503 aute

1957 3588 2065 3670 qui
2112 3607 2241 3652 non
2286 3587 2486 3653 habet
2531 3593 2597 3652 et
2641 3587 2814 3671 quod

1958 3737 2216 3803 uidetur
2259 3738 2506 3804 habere
2552 3738 2702 3804 aufe

1786 3893 1873 3957 30
1956 3896 2132 3956 retur
2176 3889 2259 3955 ab
2305 3909 2382 3955 eo
2427 3889 2512 3953 Et
2557 3888 2787 3955 inutile

1756 3979 1927 4124 {3:233
1964 4042 2158 4108 serufi
2205 4039 2479 4125 proisite
2525 4040 2591 4105 in
2641 4046 2792 4107 tene

1965 4193 2116 4258 bras
2162 4191 2519 4259 exteriores
2565 4192 2703 4258 illio

1963 4345 2088 4410 erit
2130 4344 2320 4411 fletus
2366 4352 2431 4411 et
2468 4344 2711 4410 stridor

1965 4495 2260 4562 dentium
