3634 5717
1409 1301 1927 1398 Collatio

382 1459 598 1519 codicis
641 1461 801 1519 aurei
849 1480 978 1519 cum
1006 1459 1262 1532 Vulgata
1307 1460 1427 1535 (ed.
1482 1458 1710 1530 Tisch.)
1756 1458 2167 1532 codicibusque
2196 1457 2382 1517 Italae
2429 1466 2602 1518 antea
2644 1457 2821 1518 editis
2874 1478 2940 1517 ac

385 1545 673 1605 nonnullis
715 1546 916 1604 mixtis
962 1565 1065 1604 nec
1119 1567 1230 1605 non
1282 1545 1482 1618 paucis
1535 1543 1880 1617 quibusdam
1931 1544 2225 1605 codicibus
2269 1542 2424 1604 Novi
2478 1543 2545 1606 Τ.
2595 1541 2836 1604 Graecis
2880 1555 2942 1603 et

382 1630 678 1692 Patribus.
728 1665 809 1672 *—
852 1630 1051 1690 Merae
1110 1631 1591 1704 transpositiones
1644 1629 1954 1689 verborum
2012 1631 2109 1689 hic
2154 1630 2399 1689 omissae
2444 1640 2599 1690 sunt.
2690 1628 2943 1702 Vulgata

390 1737 582 1793 »vg.«,
627 1716 807 1775 codex
845 1736 1055 1776 aureus
1094 1737 1317 1792 »aun«,
1360 1717 1521 1791 gigas
1551 1715 1831 1775 librorum
1862 1713 2219 1775 Holmiensis
2258 1736 2376 1796 »y«
2415 1714 2694 1788 (nondum
2725 1715 2941 1793 editus,

554 1802 627 1860 ad
672 1821 841 1873 quem
886 1801 1081 1874 aliqua
1123 1822 1194 1861 ex
1238 1813 1406 1875 parte
1450 1800 1738 1861 edendum
1780 1821 1873 1859 me
1916 1806 2226 1876 praeparo)
2273 1802 2533 1873 signatus
2577 1796 2753 1870 est¹).

1468 2037 1851 2102 Matth.

556 2140 707 2218 01,
757 2149 789 2199 5
837 2142 990 2215 vulg.
1038 2142 1187 2202 obed
1229 2163 1354 2204 aur.
1400 2138 1580 2205 obeth
1623 2162 1755 2201 cum
1797 2142 2176 2204 cfi—V7.
2207 2149 2365 2215 svg.
2396 2163 2671 2220 asa,aur.
2704 2140 2936 2224 asasc.

287 2248 299 2259 ·
384 2226 578 2306 cky.
649 2260 730 2269 —
800 2226 855 2285 V
908 2232 981 2285 14
1026 2247 1117 2300 vg.
1164 2227 1340 2286 sadoc
1384 2248 1508 2288 aur.
1555 2225 1791 2289 saddoc
1836 2247 1884 2288 c.
1932 2247 1963 2285 (3
2009 2223 2147 2289 ff1.
2195 2227 2380 2285 -V
2427 2231 2498 2287 17
2547 2249 2669 2290 aur.
2719 2228 2940 2302 (deest)

386 2344 469 2354 —
511 2311 570 2371 V
623 2317 695 2369 18
742 2332 832 2385 vg.
880 2312 1230 2384 desponsata.
1273 2332 1395 2372 aur.
1443 2311 1730 2390 dispons-
1785 2331 1835 2372 (3.
1883 2312 1924 2372 f.
1970 2346 2054 2354 —-
2098 2312 2154 2371 V
2209 2319 2279 2370 19
2328 2333 2420 2386 vg.
2477 2313 2772 2371 dimittere
2818 2332 2940 2372 aur.

387 2394 714 2458 demittere.
738 2429 821 2438 —
842 2395 902 2453 V
950 2404 1025 2454 23
1066 2416 1159 2469 vg.
1206 2398 1267 2455 in
1311 2406 1479 2455 utero
1523 2395 1781 2469 habebit,
1828 2416 1954 2457 aur.
2003 2397 2062 2455 in
2093 2400 2265 2459 utero
2310 2395 2578 2476 accipiet
2621 2401 2684 2468 (a
2725 2395 2764 2455 b
2808 2416 2839 2454 (3
2884 2395 2918 2453 f
2920 2392 2941 2428 ¹

390 2480 575 2556 Tert.,
621 2481 957 2552 concipiet).
1058 2515 1102 2521 -—
1162 2480 1217 2536 V
1266 2488 1340 2539 25
1387 2502 1478 2553 vg.
1525 2480 1926 2557 cognoscebat,
1972 2501 2095 2543 aur.
2157 2481 2445 2563 coynovit
2485 2502 2534 2542 (3.
2583 2480 2675 2540 ab
2698 2501 2729 2540 (3
2752 2480 2789 2539 d
2813 2480 2847 2538 f
2861 2477 2941 2541 1⁸¹.

560 2563 609 2625 C
658 2572 715 2638 2
765 2573 797 2624 6
844 2586 934 2638 vg.
985 2566 1049 2625 in
1092 2567 1274 2638 prino.
1323 2566 1480 2643 iuda,
1525 2586 1650 2628 aur.
1696 2564 1867 2628 inter
1907 2567 2267 2640 principibus
2326 2567 2464 2626 iuda
2507 2587 2555 2628 (3.
2604 2587 2639 2625 a
2679 2565 2718 2625 b
2762 2587 2794 2624 c
2839 2565 2876 2624 d
2921 2565 2956 2624 f

392 2652 517 2723 (qvi
561 2649 781 2710 habent
822 2652 1161 2726 principes).
1210 2685 1293 2694 —
1317 2651 1375 2709 V
1423 2659 1455 2711 6
1501 2671 1593 2724 vg.
1643 2653 1824 2726 (var.)
1871 2662 2054 2730 reget,
2100 2673 2222 2714 aur.
2269 2656 2448 2733 reyat
2488 2673 2537 2712 (3.
2585 2673 2621 2711 a
2660 2651 2699 2711 b
2744 2672 2775 2710 (3
2820 2651 2857 2710 d
2901 2651 2942 2712 f.

385 2770 471 2779 -—
513 2734 572 2794 V
620 2742 653 2793 8
701 2756 791 2809 vg.
840 2746 903 2795 et
946 2737 1183 2795 mittens
1229 2736 1359 2795 illos
1405 2740 1466 2796 in
1507 2736 1690 2798 bethl.
1740 2737 1892 2796 dixit
1937 2738 2018 2797 ite
2067 2786 2079 2799 .
2130 2788 2141 2799 .
2194 2787 2206 2799 .
2258 2786 2270 2799 .
2319 2759 2442 2800 aur.
2500 2740 2558 2800 et
2597 2735 2773 2799 mieit
2814 2736 2944 2796 illos

387 2822 445 2879 in
488 2820 821 2880 bethlehem
865 2819 1081 2884 dicen-3
1124 2823 1206 2881 ite
1256 2871 1267 2884 .
1319 2870 1332 2883 .
1385 2871 1396 2883 .
1451 2871 1462 2884 .
1510 2856 1594 2865 —
1640 2822 1698 2880 V
1745 2829 1777 2881 8
1839 2841 1930 2896 vg.
1980 2823 2355 2901 inveneritis,
2412 2844 2535 2884 aur.
2601 2822 2942 2883 inveneritis

383 2924 536 2969 eum.
564 2940 648 2949 —
673 2906 730 2965 V
781 2912 845 2964 ll
900 2927 990 2979 vg.
1036 2908 1425 2985 procidentes,
1471 2928 1594 2970 aur.
1631 2907 2047 2986 procedentes
2089 2929 2137 2970 (3.
2186 2929 2237 2970 a.
2272 2943 2355 2952 —
2392 2908 2450 2966 V
2502 2914 2563 2966 1]
2619 2928 2711 2983 vg.
2758 2917 2944 2968 matre

385 2992 529 3067 eius,
577 3012 702 3053 aur.
750 3001 935 3051 matre
978 3010 1101 3055 sua
1145 3013 1194 3053 c.
1242 2993 1297 3054 d.
1330 3027 1414 3036 —
1443 2992 1503 3050 V
1554 2999 1628 3052 12
1674 3014 1773 3066 vg:
1813 3014 1922 3065 per
1964 2994 2136 3054 aliam
2179 2995 2353 3070 viam,
2398 3015 2520 3054 aur.
2566 2993 2681 3057 sed
2719 3014 2825 3066 per
2867 2993 2944 3052 al-

384 3078 554 3139 viam.
603 3111 686 3120 —
730 3076 789 3136 V
837 3083 907 3136 21
960 3097 1050 3151 vg.
1100 3080 1280 3152 (var.)
1327 3079 1427 3152 qui
1469 3098 1731 3158 surgens,
1775 3099 1901 3141 aur.
1948 3080 2048 3153 qui
2090 3098 2466 3153 consurgens.

557 3161 603 3223 O
652 3170 709 3241 3,
755 3167 791 3221 4
837 3183 929 3237 vg.
976 3163 1255 3240 locustae,
1301 3184 1425 3225 aur.
1451 3161 1696 3227 lucusta
1738 3185 1786 3225 (3.
1836 3184 1872 3223 a
1914 3185 1945 3224 e
1991 3165 2025 3223 f
2057 3164 2096 3227 l.
2124 3164 2288 3224 —V
2315 3173 2347 3224 5
2396 3186 2487 3238 vg.
2532 3162 2943 3240 hierosolyma,

386 3268 508 3310 aur.
556 3265 635 3311 ex
677 3248 1081 3319 hierosolymis
1125 3269 1174 3310 (3.
1220 3248 1259 3308 b
1302 3245 1364 3321 g¹
1413 3248 1513 3322 (ab
1557 3250 1754 3324 hieu),
1782 3283 1866 3292 —
1900 3249 1958 3307 V
1995 3255 2068 3310 10
2114 3270 2204 3322 vg.
2252 3251 2544 3328 mittetur,
2588 3269 2710 3309 aur.
2757 3247 2945 3311 mittif

386 3336 490 3396 tur
532 3353 583 3395 (3.
631 3334 686 3395 d.

558 3417 710 3497 04,
755 3427 930 3519 ὅγε.
979 3420 1212 3496 asumit,
1257 3440 1381 3479 aur.
1429 3418 1882 3499 adsumpsite.
1929 3417 2548 3482 beff¹hk16.
2625 3452 2700 3461 —-
2757 3418 2943 3478 VlO

386 3524 476 3578 vg.
525 3504 674 3564 dicit
719 3505 774 3563 ei
818 3505 997 3580 iesus,
1042 3525 1164 3566 aur.
1214 3504 1361 3564 dicit
1401 3502 1501 3568 illi
1544 3506 1700 3565 iesus
1744 3526 1793 3566 e.
1842 3525 1877 3563 a
1918 3504 1957 3563 k
2004 3506 2121 3578 (h).
2147 3538 2230 3548 ·—
2260 3505 2319 3565 V
2349 3511 2423 3564 14
2455 3525 2547 3579 vg.
2579 3505 2945 3580 prophetam,

497 3669 529 3723 ¹)
559 3669 715 3722 Signis
755 3674 803 3715 et
830 3670 1115 3723 compendiis
1152 3670 1300 3715 solitis
1334 3671 1531 3715 utimur:
1571 3681 1602 3714 a
1628 3670 1773 3715 codex
1799 3669 2132 3722 Vei-cellensis.
2174 3669 2204 3715 Β
2233 3671 2381 3716 codex
2407 3670 2706 3723 Veronensis.
2748 3681 2774 3715 e
2802 3671 2948 3716 codex

385 3740 694 3790 Colbertinus.
723 3737 753 3782 d
781 3738 926 3783 codex
955 3738 1104 3783 Besae
1132 3738 1529 3789 cantabrigiensis
1555 3737 1729 3790 Latin..
1757 3748 1785 3782 e
1812 3739 2111 3789 evangelium
2137 3738 2422 3788 Palatinum.
2452 3736 2478 3781 ῐ
2508 3737 2653 3784 codex
2679 3737 2946 3793 Brixianus,

386 3805 426 3850 Ρ
474 3805 518 3850 F
563 3807 745 3853 codices
785 3806 1105 3856 corbeienses,
1151 3807 1203 3860 ε’
1242 3801 1295 3861 g*
1334 3806 1516 3852 codices
1561 3806 2012 3859 Sanmrmanemes,
2057 3804 2089 3850 Β
2132 3806 2279 3851 codex
2324 3805 2713 3851 Claromontauus
2755 3799 2946 3860 Bomio.

385 3872 405 3917 ί
446 3874 593 3920 codex
632 3873 1030 3925 vindobonensis.
1083 3873 1116 3918 k
1160 3874 1307 3919 codex
1356 3873 1620 3928 Bobiensis.
1666 3874 1687 3919 l
1732 3875 1880 3920 codex
1924 3874 2297 3927 Rhedioeeranus.
2347 3879 2382 3932 ὅ
2426 3873 2574 3918 codex
2618 3874 2948 3927 sangallensis.

385 3940 476 3987 fer.
519 3941 860 3994 Foroiuliensis.
907 3951 1010 3997 per.
1054 3942 1315 3994 Perusinus.
1361 3944 1465 3999 gat.
1508 3944 1752 3995 Gatianns.
1796 3953 1906 3989 ιι.
1952 3942 2146 3990 Maioris
2190 3942 2471 3988 monasterii.
2567 3940 2829 3989 Retulimus
2873 3944 2951 3989 hic

386 4020 415 4055 ι
449 4009 479 4055 Β
507 4008 533 4053 ῐ
556 4007 596 4052 Ρ
638 4010 894 4055 secundum
932 4008 1316 4062 Evangeliarium
1352 4011 1646 4064 quadruplex
1685 4025 1716 4057 a
1754 4010 1855 4058 Jos.
1897 4011 2159 4057 Blanchino
2197 4011 2376 4057 editum
2415 4008 2593 4055 Romae
2636 4010 2739 4056 1749
2782 4010 2950 4064 (denuo

385 4092 415 4122 a
456 4077 615 4129 Mioene
651 4078 839 4146 Parisiis
874 4077 1018 4130 1845);
1061 4076 1091 4122 Β
1127 4083 1175 4122 et
1208 4079 1389 4131 aliquot
1424 4081 1547 4125 locos
1584 4080 1777 4125 Patrum
1811 4081 2071 4126 secundnm
2105 4078 2229 4125 Bibl.
2258 4091 2378 4124 saer.
2414 4078 2561 4131 antiq.
2607 4079 2838 4124 versiones
2873 4078 2948 4124 ed.

384 4160 416 4191 a
450 4145 586 4191 Petro
631 4145 848 4192 Sabatier
890 4145 997 4190 Par.
1042 4144 1170 4196 1751;
1222 4144 1252 4189 d
1298 4159 1389 4191 see.
1434 4147 1686 4193 editionem
1730 4147 1991 4194 Seriveneri
2036 4148 2257 4194 cantabr.
2302 4147 2428 4200 1864:
2483 4156 2511 4191 e
2554 4158 2647 4192 sec.
2699 4146 2950 4192 editionem

332 4207 341 4214 ⁵
385 4214 722 4261 Tischendorfii
756 4214 882 4267 Lipe.
920 4214 1049 4264 184·st
1090 4212 1122 4258 Β
1159 4228 1219 4259 ex
1255 4212 1445 4265 Scriptt.
1481 4219 1575 4259 vet.
1611 4228 1735 4262 nova
1778 4218 1885 4262 ooll.
1927 4217 2000 4261 ed.
2030 4215 2088 4261 A.
2132 4215 2232 4261 Mai
2271 4214 2448 4261 Romae
2492 4215 2617 4263 lsae:
2663 4213 2683 4259 l
2720 4228 2811 4260 sec.
2856 4213 2951 4260 edi-

383 4284 557 4329 tionem
593 4283 744 4329 Alteri
782 4283 831 4328 in
867 4282 1005 4327 Pauli
1040 4281 1312 4334 Repertorio
1345 4281 1445 4327 1⁷91
1480 4286 1527 4326 et
1565 4283 1664 4328 eius
1692 4282 2030 4331 Memorabiliis
2067 4285 2196 4336 1795;
2239 4283 2274 4328 k
2311 4296 2403 4329 sec.
2446 4283 2697 4330 editionem
2732 4281 2951 4328 Tischen-

384 4352 519 4396 dorfli
553 4352 603 4396 in
636 4351 844 4396 »Wiener
868 4350 1189 4396 Jahrbticher·
1228 4350 1352 4398 1847:
1390 4348 1411 4393 l
1438 4363 1528 4395 sec.
1563 4350 1814 4398 editionem
1852 4352 2019 4398 Haasii
2045 4352 2363 4398 Viatislwiae
2399 4352 2624 4396 1865—662
2667 4350 2702 4403 δ
2737 4362 2828 4396 wo.
2856 4349 2952 4395 edi-

382 4420 556 4464 tionem
584 4417 777 4470 Rettigii
803 4419 961 4465 Turici
986 4420 1105 4464 1836.
1159 4418 1324 4463 Cetera
1355 4420 1599 4464 retulimus
1632 4419 1886 4465 seeundum
1924 4434 2039 4473 opus
2067 4422 2191 4468 Petri
2219 4419 2438 4467 Sabatier
2460 4432 2601 4472 supra
2626 4423 2950 4464 memoratum.

386 4486 704 4533 versiones
730 4488 1013 4540 antiquae
1040 4486 1101 4531 N.
1122 4485 1429 4532 Testamenti:
1460 4485 1607 4538 Syra
1632 4487 1754 4533 Cur.
1789 4487 1865 4533 ed.
1895 4489 2095 4534 Oureton
2115 4488 2262 4535 Lond.
2283 4486 2399 4540 1858,
2429 4486 2952 4539 Ansslo·Saxonica

383 4554 457 4600 ed.
485 4553 1165 4607 MarshallDordreohti1675.
1207 4553 1569 4606 Aethiopica
1608 4555 1680 4601 ed.
1723 4554 1810 4601 Th.
1850 4556 1994 4602 Platt.
2034 4556 2182 4603 Lond.
2209 4556 2327 4609 1830,
2370 4555 2681 4602 Armenica
2716 4553 2790 4598 ed.
2819 4552 2950 4598 Paris

384 4624 503 4675 1825.
531 4637 667 4675 porro
705 4621 1001 4668 editiones
1037 4623 1327 4668 codicum:
1363 4623 1406 4669 R
1435 4620 1651 4667 Sinaitici
1678 4637 1708 4668 a
1736 4623 2041 4670 Constantino
2066 4624 2378 4671 Tischendorf
2397 4623 2605 4674 evulgati
2630 4622 2734 4666 1863
2758 4625 2807 4666 et
2832 4619 2947 4673 1865.

386 4691 441 4735 B.
471 4689 695 4736 Vaticani
721 4691 783 4738 ab
810 4691 971 4736 eodem
998 4691 1071 4736 ed.
1100 4691 1202 4736 1867
1226 4693 1274 4734 et
1299 4688 1342 4733 D
1370 4689 1521 4734 Besae
1549 4689 1746 4736 Cantab-
1765 4690 1930 4736 Graec.
1960 4706 1990 4736 a
2008 4691 2280 4738 Scrivenero
2305 4691 2513 4742 evulgati
2539 4691 2640 4734 1864
2666 4688 2729 4733 ad
2757 4701 2947 4733 manum

383 4759 500 4804 mihi
524 4764 658 4804 erant
683 4763 730 4804 et
756 4758 989 4805 interdum
1018 4761 1195 4804 relatae
1224 4762 1347 4802 sunt.
