3634 5717
375 690 496 758 Fol
539 691 583 757 2

374 889 658 957 colorem
704 888 817 973 qui
859 886 948 955 ad
978 886 1205 956 decem
1238 905 1444 971 usque
1470 908 1592 974 pro

375 990 616 1058 cedens
661 989 913 1057 indicat
955 989 1137 1075 prior
1179 1007 1487 1056 numerus
1572 1025 1589 1040 ν

374 1093 443 1158 in
490 1112 616 1177 quo
661 1091 750 1157 sit
789 1092 1054 1158 kanone
1097 1089 1527 1174 requirendus

375 1212 519 1259 cum
564 1191 769 1278 igitur
811 1199 1040 1279 aperto
1085 1191 1313 1259 codice
1356 1191 1541 1260 uerbi

377 1294 596 1379 gratia
637 1293 804 1361 illud
848 1293 990 1361 siue
1030 1292 1194 1361 illud
1236 1292 1593 1377 capitulum

374 1396 545 1463 scire
588 1395 876 1464 uolueris
921 1394 1105 1462 cuius
1150 1393 1422 1461 canonis
1466 1394 1555 1461 sit

377 1498 602 1566 statim
645 1518 731 1567 ex
773 1497 1066 1565 subiecto
1111 1514 1382 1562 numero
1426 1494 1543 1588 do·

378 1599 631 1666 ceberis
676 1605 744 1667 et
788 1617 1126 1666 recurrens
1173 1596 1260 1664 ad
1303 1597 1516 1683 princi

379 1700 495 1785 pia
524 1701 594 1768 in
624 1701 858 1786 quibus
884 1719 1206 1768 canonum
1231 1705 1334 1766 est
1355 1699 1599 1768 distinc

378 1808 451 1870 ta
492 1802 836 1888 congeries
882 1801 1245 1887 eodemque
1287 1803 1512 1869 statim

379 1924 630 1972 canone
674 1924 757 1972 ex
798 1903 990 1971 titulo
1033 1903 1268 1970 frontis
1313 1903 1510 1971 inueu

378 2012 447 2072 to
491 2006 675 2074 illum
720 2026 912 2092 quem
957 2005 1296 2090 quaerebas
1341 2027 1536 2075 nume

378 2127 521 2175 rum
564 2107 859 2176 eiusdem
904 2106 1361 2192 euangelistae
1405 2108 1517 2192 qui

379 2215 447 2277 et
486 2210 635 2296 ipse
689 2231 774 2277 ex
828 2208 1256 2275 inscribtione
1301 2208 1603 2292 signatur

379 2310 680 2378 inuenies
726 2309 942 2394 adque
987 2328 1026 2376 e
1067 2307 1319 2374 uicinia
1355 2314 1574 2375 cetero

380 2432 525 2478 rum
568 2410 939 2477 tramitibus
984 2409 1300 2496 inspectis
1346 2428 1508 2494 quos

382 2531 690 2579 numerus
735 2531 774 2579 e
817 2510 1093 2596 regione
1136 2511 1427 2579 habeant

385 2612 739 2680 adnotabis
781 2619 850 2680 et
885 2633 1031 2680 cum
1076 2612 1308 2680 scieris
1352 2633 1539 2681 recur

386 2714 477 2780 ris
517 2712 606 2781 ad
649 2714 988 2782 uolumina
1029 2715 1436 2801 singulorum
1482 2721 1550 2781 et

384 2816 529 2884 sine
573 2836 759 2884 mora
800 2816 1080 2902 repertis
1125 2815 1414 2883 numeris

384 2936 546 3002 quos
590 2924 746 2985 ante
788 2918 1180 3004 signaueras
1222 2917 1472 3004 reperri

382 3038 454 3085 es
497 3026 564 3087 et
606 3020 756 3087 loca
795 3019 865 3086 in
911 3020 1145 3105 quibus
1189 3021 1295 3088 uel
1339 3019 1570 3088 eadem

381 3121 488 3189 uel
533 3121 757 3189 uicina
799 3120 1108 3190 dixerunt
1147 3127 1303 3207 opto
1347 3127 1420 3188 ut
1462 3120 1530 3187 in

381 3233 515 3308 xpo
559 3223 788 3291 ualeas
832 3229 901 3290 et
942 3222 1321 3291 memineris
1366 3222 1497 3290 mei

383 3344 566 3410 papa
605 3324 988 3393 beatissime
1032 3314 1224 3411 Expl.
1271 3323 1447 3409 epist

385 3425 758 3520 bieronimi.
845 3426 1089 3513 Incipit
1132 3425 1364 3512 praesa

387 3527 483 3595 tio
529 3526 846 3595 eiusdem.

388 3629 619 3698 Plures
663 3629 870 3696 fuisse
913 3628 1025 3713 qui
1067 3646 1237 3695 euan

558 3730 741 3816 gelia
782 3728 1311 3797 conscribserunt

562 3840 629 3901 et
669 3834 854 3902 luem
900 3831 1319 3917 euangelista

559 3941 838 4003 testatur
879 3934 1108 4002 dicens
1151 3954 1278 4018 quo

393 4035 571 4103 niam
616 4035 879 4121 quidem
924 4036 1115 4103 multi
1160 4033 1381 4102 conati

392 4144 546 4204 suut
587 4137 895 4205 ordinare
939 4136 1388 4205 narrationem

394 4257 609 4306 rerum
654 4258 824 4324 quae
872 4239 943 4306 in
987 4237 1179 4307 nobis
1223 4237 1460 4322 conple

395 4347 506 4408 tae
549 4348 703 4408 sunt
745 4339 916 4408 sicut
956 4340 1374 4407 tradiderunt

2871 686 2914 754 3

1693 907 1968 974 presens
2011 894 2270 975 tempus
2312 896 2736 956 monumenta
2853 871 2860 884 ’

1695 988 2040 1057 declarant
2077 1010 2246 1074 quae
2289 1011 2332 1058 a
2370 990 2651 1058 diuersis
2696 997 2887 1057 aucto

1696 1090 1875 1158 ribus
1920 1090 2147 1159 aedita
2191 1092 2596 1160 diuersorum
2637 1090 2872 1159 herese

1696 1212 1804 1259 um
1851 1193 2034 1260 fuere
2077 1192 2409 1279 principia
2451 1199 2524 1260 ut
2567 1200 2669 1259 est
2712 1192 2876 1259 illud

1697 1293 1884 1362 iuxta
1926 1296 2278 1381 aegyptios
2309 1302 2377 1361 et
2404 1294 2675 1374 ffloman
2715 1301 2784 1361 et
2812 1313 2921 1361 ma

1698 1394 1886 1463 thian
1909 1401 1977 1462 et
1985 1396 2553 1463 bartholomaeum
2571 1395 2920 1463 duodecim

1699 1517 1955 1582 quoque
2001 1499 2444 1584 apostolorum
2494 1505 2562 1565 et
2603 1497 2921 1565 basilides

1699 1598 1916 1684 adque
1940 1600 2192 1686 apelles
2209 1600 2739 1686 acrelinquorum
2760 1618 2923 1684 quos

1700 1720 2085 1769 enumerare
2128 1701 2583 1787 longissimum
2631 1708 2735 1768 est
2773 1720 2917 1768 cum

1701 1803 1827 1869 boc
1867 1808 2125 1870 tantum
2146 1802 2214 1868 in
2238 1803 2760 1888 praesentiarum
2835 1808 2923 1883 [m

1701 1923 1973 1972 necesse
1996 1903 2085 1971 sit
2105 1903 2326 1973 dicere
2345 1904 2646 1972 extitisse
2671 1904 2926 1990 quosda

1702 2006 1814 2090 qui
1837 2005 2119 2092 siuespfi
2132 2013 2200 2073 et
2211 2008 2432 2092 gratia
2448 2006 2517 2073 di
2535 2007 2758 2075 conati
2773 2012 2926 2073 suut

1702 2107 1919 2192 magis
1963 2106 2271 2174 ordinare
2315 2108 2758 2177 narrationem

1705 2227 1899 2291 quam
1944 2208 2282 2275 historiae*
2304 2216 2530 2276 texere
2573 2209 2921 2277 ueritatem

1707 2307 1940 2391 quibus
1970 2308 2121 2375 iure'
2135 2311 2457 2394 postestm
2477 2309 2644 2377 illud
2669 2310 2922 2395 prophe

1705 2408 1903 2475 ticum
1918 2409 2216 2493 coaptari
2241 2430 2365 2478 uae
2392 2409 2502 2495 qui
2525 2411 2927 2496 prophetant

1708 2508 1792 2576 de
1836 2508 2035 2577 corde
2077 2529 2195 2576 suo
2241 2512 2350 2598 qui
2394 2511 2734 2580 ambulant
2776 2519 2928 2597 post

1706 2623 1852 2697 spm
1897 2631 2083 2678 suum
2127 2613 2239 2697 qui
2287 2613 2517 2681 dicunt
2557 2613 2724 2680 baec
2765 2613 2928 2681 dicit

1707 2712 1832 2779 dns
1875 2719 1944 2781 et
1986 2712 2112 2781 diis
2157 2735 2287 2781 non
2333 2705 2516 2782 misit
2556 2734 2670 2782 eos
2700 2715 2785 2783 de
2816 2715 2925 2801 qui

1705 2814 1827 2881 bus
1870 2821 1939 2881 et
1974 2815 2268 2883 saluator
2310 2817 2379 2884 in
2425 2816 2774 2903 euangelio

1705 2915 2015 2984 iohannis
2058 2917 2345 3001 loquitur
2388 2938 2615 2987 omnes
2660 2918 2771 3003 qui

1706 3025 1861 3086 ante
1903 3037 2011 3085 me
2054 3026 2376 3087 uenerunt
2416 3020 2593 3087 fures
2638 3020 2899 3088 fuerunt

1707 3126 1773 3186 et
1814 3120 2107 3187 latrones
2151 3121 2261 3206 qui
2306 3127 2629 3189 uenerunt
2671 3142 2802 3187 non

1680 3220 1822 3305 'qui
1857 3220 2010 3287 misi
2043 3229 2197 3288 sunt
2233 3223 2364 3309 ipsi
2399 3222 2576 3291 enim
2612 3221 2706 3288 ait
2736 3222 2932 3288 uenie

1706 3322 1871 3389 bant
1913 3329 1980 3389 et
2023 3343 2149 3408 ego
2194 3344 2326 3392 non
2371 3324 2710 3392 mittebam
2756 3341 2870 3390 eos

1708 3423 1780 3490 in
1823 3424 2241 3493 uenientibus
2286 3426 2711 3513 praesumptio
2757 3431 2823 3493 te

1712 3525 2036 3593 meritatis
2081 3525 2151 3591 in
2194 3527 2416 3595 missis
2461 3528 2845 3612 obsequium

1712 3625 2052 3694 seruitutis
2096 3634 2199 3694 est
2241 3628 2526 3696 ecclesia
2569 3633 2785 3695 autem

1716 3747 1886 3811 quae
1929 3747 2131 3814 supra
2174 3737 2429 3815 petram
2474 3728 2591 3797 dni
2634 3747 2797 3795 uoce

1716 3829 1995 3898 fundata
2040 3837 2142 3898 est
2186 3852 2379 3916 quam
2426 3829 2793 3898 introduxit

1715 3951 1835 3999 rex
1878 3932 1948 3998 in
1993 3933 2357 4001 cubiculum
2404 3952 2591 4000 suum
2636 3939 2704 4000 et
2746 3933 2842 4000 ad·

1716 4053 1910 4117 quam
1955 4053 2076 4119 per
2118 4036 2414 4104 foramen
2461 4035 2899 4103 discensionis

1717 4136 1969 4204 occulte
2026 4135 2208 4203 misit
2251 4157 2517 4205 manum
2559 4156 2748 4205 suam
2788 4137 2939 4205 simi

1717 4236 1801 4302 lis
1849 4235 2224 4305 dammulae
2269 4237 2625 4324 innuloque
2670 4259 2864 4306 ceruo

1719 4359 1863 4405 rum
1907 4344 2212 4423 quattuor
2254 4338 2528 4406 flumina
2570 4339 2865 4425 paradisi

397 4442 588 4510 nobis
633 4442 746 4527 qui
789 4442 875 4510 ab
917 4441 1109 4509 initio
1152 4440 1283 4528 ipsi
1312 4439 1620 4508 uiderunt
1722 4439 1932 4507 instar
1976 4447 2323 4507 eructuans
2368 4447 2673 4525 quattuor
2714 4447 2783 4508 et

395 4563 766 4611 sermonem
810 4550 879 4610 et
920 4542 1461 4610 ministrauerunt

398 4644 465 4712 ci
509 4653 591 4712 ct.
620 4645 1122 4731 perseuerantia
1157 4663 1369 4728 usque
1414 4642 1502 4710 ad

1725 4542 2006 4626 angulos
2050 4547 2118 4607 ct
2160 4542 2393 4609 anulos
2438 4541 2690 4609 babens
2732 4558 2852 4625 per

1727 4661 1890 4725 quos
1935 4639 2123 4727 quasi
2167 4662 2325 4710 arca
2367 4640 2743 4710 testamenti

2546 4859 2607 4913 10
