3634 5717
984 871 1083 933 ter
1126 867 1316 933 turbs
1358 867 1597 934 eil-eum
1630 921 1646 936 .

983 1024 1200 1086 stante
1244 1018 1386 1086 dixi
1430 1027 1501 1087 ut
1544 1001 1682 1087 ere¹

985 1173 1149 1240 dant
1191 1173 1346 1257 quia
1387 1180 1459 1240 tu
1502 1194 1606 1242 me
1651 1175 1742 1241 mi
1811 1249 1820 1264 ι

983 1325 1128 1392 sisti
1171 1326 1312 1393 haee
1355 1328 1437 1393 eti
1483 1326 1763 1395 dixisset

985 1499 1147 1546 uoee
1192 1499 1439 1565 magna
1481 1466 1698 1547 elam‘a

986 1631 1085 1698 uit
1126 1633 1343 1701 lazare
1385 1633 1540 1700 ueni
1583 1633 1762 1700 foras

991 1790 1059 1851 et
1101 1790 1259 1851 stati
1303 1784 1551 1869 prodiit
1588 1786 1700 1869 qni

989 1938 1206 2004 fuerat
1247 1937 1537 2005 mortuus
1581 1939 1630 2005 li

991 2089 1165 2175 gatis
1212 2089 1429 2176 pedib'
1471 2097 1540 2159 et
1582 2094 1761 2160 mani

992 2243 1048 2309 b'
1092 2242 1339 2310 institis
1382 2250 1447 2311 et
1492 2223 1695 2312 feeies

991 2396 1130 2464 eius
1175 2396 1441 2464 sudario
1488 2405 1630 2465 erat

990 2550 1204 2634 ligata
1244 2550 1407 2617 dieit
1448 2551 1553 2617 ihs
1597 2552 1696 2618 sol

994 2702 1128 2771 uite
1173 2705 1258 2770 efi
1304 2710 1371 2770 et
1410 2703 1610 2771 sinite
1653 2705 1753 2772 ire

992 2856 1179 2925 multi
1224 2877 1384 2944 ergo
1429 2879 1514 2926 ex
1556 2857 1731 2926 iudae

992 3008 1049 3074 is
1096 3009 1251 3093 quia
1292 3016 1611 3077 uenerant
1655 3010 1741 3078 ad

994 3162 1203 3228 maria
1247 3169 1313 3229 et
1354 3161 1660 3229 uiderant

996 3335 1140 3398 quae
1183 3316 1339 3382 feeit
1383 3315 1650 3384 credide

994 3474 1144 3534 runt
1186 3468 1254 3534 in
1298 3471 1383 3536 eti
1428 3468 1628 3553 quida
1671 3489 1755 3535 av

993 3629 1058 3689 te
1105 3642 1188 3688 ex
1231 3621 1396 3708 ipsis
1441 3622 1743 3690 abierunt

996 3775 1100 3868 ad⁶
1125 3775 1470 3866 phariseos
1515 3783 1581 3843 et
1626 3776 1741 3843 dix

998 3936 1187 3996 erunt
1229 3930 1325 3996 eis
1372 3950 1517 4014 quae
1561 3928 1717 3995 feeit
1761 3927 1866 3993 ihs

996 4081 1407 4167 Colligerunt
1449 4101 1609 4164 ergo

997 4234 1341 4320 pontifices
1385 4241 1453 4302 et
1490 4234 1626 4320 pha

994 4387 1151 4454 risei
1195 4386 1482 4454 eoncilifi
1525 4393 1594 4454 et
1636 4386 1707 4453 di

963 4573 971 4580 ·
996 4541 1232 4608 cebant
1276 4540 1433 4626 quid
1477 4540 1650 4609 faeie

996 4715 1137 4764 mus
1182 4696 1338 4780 quia
1381 4694 1489 4762 hie
1531 4695 1726 4762 homo

1886 666 2002 734 Ioh
2050 666 2101 733 C
2151 668 2224 733 11

2130 1792 2216 1857 49

2133 3470 2206 3533 51

2136 4541 2220 4607 52

2298 865 2464 934 talia
2506 865 2705 951 signa
2740 866 2903 933 facit

2299 1019 2358 1086 si
2402 1017 2793 1087 dimittimus
2840 1027 2921 1088 eir

2301 1173 2399 1240 sie
2443 1192 2670 1241 omnes
2714 1172 2910 1240 erede

2301 1332 2376 1392 nt
2418 1324 2486 1391 in
2533 1327 2617 1392 eti
2662 1331 2729 1393 et
2771 1325 3041 1394 uenient

2300 1477 2555 1545 romani
2600 1486 2669 1546 et
2710 1479 2945 1546 tollent

2304 1633 2453 1698 Ιοοῡ
2501 1637 2727 1699 nostrfi
2773 1638 2841 1699 et

2303 1791 2502 1870 gente
2547 1804 2714 1852 unus
2759 1791 2909 1852 aute
2955 1805 3037 1852 ex

2304 1938 2468 2024 ipsis
2514 1936 2788 2025 caiphas

2303 2112 2448 2158 eum
2492 2098 2670 2159 esset
2710 2091 2896 2177 ponti

2306 2246 2417 2311 fex
2461 2245 2622 2312 anni
2666 2244 2843 2313 illius
2888 2244 2957 2311 di

2306 2397 2397 2464 eit
2441 2398 2539 2465 eis
2583 2418 2702 2465 uos
2745 2398 2927 2466 nesei

2305 2551 2390 2617 tis
2435 2551 2715 2636 quicqua
2757 2554 2901 2637 neq'

2304 2704 2614 2790 cogitatis
2660 2705 2818 2789 quia
2858 2725 2941 2772 ex

2303 2857 2490 2943 pedit
2529 2857 2717 2925 uobis
2763 2864 2835 2926 ut
2872 2878 2914 2925 u

2304 3030 2426 3078 nus
2469 3011 2666 3078 homo
2711 3012 2877 3079 mori

2305 3172 2451 3232 atur
2494 3185 2614 3250 pro
2658 3167 2903 3252 populo

2305 3324 2372 3385 et
2414 3338 2546 3385 non
2592 3324 2734 3386 tota
2775 3337 2940 3404 gens

2304 3477 2535 3556 pereat
2577 3472 2703 3538 hoe
2749 3478 2898 3539 aute

2307 3644 2350 3690 a
2390 3632 2601 3708 semet
2641 3624 2788 3710 ipso
2833 3645 2966 3690 non

2309 3776 2480 3844 dixit
2521 3776 2641 3845 sed
2685 3778 2767 3843 eti
2812 3783 2988 3846 esset

2310 3929 2607 4014 pontifex
2652 3930 2811 3998 anni
2852 3930 2953 3996 illi

2310 4103 2385 4149 us
2430 4083 2853 4168 prophetauit

2312 4236 2468 4319 quia
2511 4235 2874 4322 incipiebat

2312 4388 2417 4454 ihs
2460 4389 2627 4456 mori
2672 4408 2791 4473 pro
2835 4408 2965 4472 gen

2308 4550 2372 4608 te
2418 4548 2486 4610 et
2528 4562 2660 4610 non
2704 4548 2956 4609 tantum

2229 4715 2235 4724 ·
2310 4715 2430 4780 pro
2476 4701 2673 4780 gente
2716 4694 2835 4762 sed
