3634 5717
407 665 520 730 Fol
570 666 651 730 79

609 866 817 933 ealiee
863 888 1050 952 aquae
1095 868 1161 934 in
1210 890 1294 934 no

610 1017 786 1084 mine
831 1039 977 1086 meo
1022 1020 1178 1105 quia
1220 1032 1333 1106 xpi

609 1171 769 1238 estis
816 1190 1007 1238 amen
1056 1172 1206 1239 dieo
1249 1193 1333 1239 uo

437 1322 514 1386 41
608 1322 710 1389 bis
756 1344 884 1391 non
931 1324 1162 1408 perdet
1206 1346 1344 1394 mer

407 1410 575 1556 :1²:30
611 1475 770 1542 cede
817 1495 1003 1543 suam
1046 1477 1131 1543 Et
1172 1477 1280 1561 qui

404 1565 451 1607 ¹⁰
476 1562 552 1607 m
610 1629 752 1713 ofiq'
793 1630 1256 1699 scandalizaue

610 1781 695 1847 rit
735 1792 869 1848 unu
914 1802 997 1849 ex
1042 1782 1145 1850 his
1191 1804 1277 1868 pu

608 1932 777 1999 sillia
822 1932 1177 2001 eredentib'
1221 1935 1288 2001 in

612 2105 713 2151 me
756 2085 932 2159 bonu
978 2091 1079 2152 est
1121 2086 1182 2154 ei
1229 2108 1338 2154 ma

610 2237 714 2323 gis
759 2238 815 2305 si
862 2238 1312 2306 eirefidaretur

611 2391 788 2458 mola
831 2390 1125 2459 asinaria
1168 2391 1264 2458 eir

609 2564 689 2610 eu
730 2541 903 2610 eellfi
950 2544 1093 2611 eius
1138 2552 1204 2612 et
1249 2546 1313 2612 in

611 2716 791 2762 mare
834 2697 1198 2764 mitteretur

440 2852 523 2917 42
612 2848 693 2913 Et
736 2849 794 2914 si
839 2849 1299 2918 scandalizaue

406 2936 578 3084 :1⁶:51³
610 2999 697 3065 rit
739 3008 805 3067 te
851 3021 1082 3069 manus
1127 3007 1242 3069 tua
1285 3002 1369 3068 ab

609 3151 789 3220 scide
836 3152 952 3220 ille
995 3153 1169 3220 bonu
1216 3162 1319 3222 est

610 3304 727 3371 tibi
772 3304 990 3373 debile
1035 3307 1231 3375 introi
1350 3300 1360 3310 '

607 3478 679 3525 re
723 3458 791 3523 in
831 3458 969 3525 uite
1012 3463 1142 3542 qui
1183 3459 1349 3526 duas

610 3630 839 3676 manus
882 3611 1167 3679 habente
1213 3611 1235 3678 i

608 3782 678 3829 re
723 3763 789 3828 in
836 3762 1143 3847 gehenni
1185 3764 1253 3831 iu
1300 3765 1371 3850 ig

611 3925 692 3980 ne
738 3914 1245 3999 inextinguibile

437 4076 523 4141 43
609 4066 718 4133 ubi
766 4067 1007 4135 uermis
1059 4079 1216 4136 eoru

405 4161 576 4258 mam
611 4240 738 4286 non
786 4220 1057 4287 moritur
1101 4227 1168 4288 et
1208 4221 1279 4306 ig

610 4370 713 4438 nis
758 4392 889 4438 non
934 4372 1235 4459 extingui

439 4522 524 4587 44
610 4531 714 4591 tur
755 4532 822 4590 et
864 4525 919 4590 si
968 4544 1086 4610 pes
1132 4532 1278 4593 tuus

1507 666 1813 733 .Mr09

1933 869 2344 938 scandalizat
2391 876 2455 938 te
2500 890 2607 937 am

1934 1029 2097 1108 puta
2141 1022 2259 1089 illu
2306 1022 2481 1089 bonu
2527 1021 2646 1088 tibi

1934 1181 2037 1243 est
2077 1174 2316 1242 elaudfi
2364 1173 2561 1241 introi

1935 1349 2005 1395 re
2051 1329 2120 1395 iu
2167 1327 2307 1395 uiti
2351 1338 2479 1412 quit
2522 1327 2687 1394 duos

1935 1481 2142 1567 pedes
2188 1481 2472 1549 habente
2517 1478 2638 1546 mit·

1931 1633 1981 1698 ti
2029 1634 2096 1699 in
2143 1632 2450 1718 gehenne
2493 1631 2669 1715 ignis
2761 1687 2771 1695 .

1758 1789 1844 1855 45
1931 1784 2458 1871 inextinguibilis
2503 1804 2543 1849 u

1931 1938 2000 2004 bi
2038 1938 2282 2004 uermis
2327 1936 2486 2004 eorfi
2534 1956 2663 2001 non

1932 2091 2204 2157 moritur
2242 2096 2309 2157 et
2346 2087 2523 2173 ignis

1935 2264 2063 2309 nou
2110 2240 2517 2326 extinguitur

1761 2402 1847 2467 46
1934 2402 2001 2463 et
2043 2397 2101 2462 si
2145 2394 2369 2461 oculus
2415 2400 2561 2458 tuus
2605 2410 2677 2456 se

1934 2546 2269 2614 andalizut
2310 2553 2376 2612 te
2421 2563 2575 2612 erue

1934 2702 2015 2766 eli
2062 2700 2238 2767 bonu
2283 2706 2385 2766 est
2430 2696 2549 2764 tibi
2595 2696 2697 2762 lus

1934 2852 2013 2919 cti
2060 2851 2330 2918 introire
2378 2849 2444 2915 in
2490 2870 2609 2934 reg

1933 3005 2019 3069 nti
2067 3004 2136 3071 di
2184 3023 2378 3088 quam
2418 3001 2582 3070 duos

1931 3157 2153 3224 oeulos
2197 3155 2481 3222 habente
2527 3154 2646 3220 mit

1933 3308 1982 3374 ti
2028 3307 2093 3373 in
2140 3308 2446 3392 gehenna
2488 3304 2665 3390 ignis

1760 3459 1842 3522 47
1932 3459 2042 3526 ubi
2087 3458 2329 3526 uermis
2370 3458 2527 3524 eoru

1933 3634 2061 3679 non
2107 3611 2379 3678 moritur
2422 3615 2489 3676 et
2530 3609 2603 3693 ig

1933 3766 2036 3831 nis
2083 3785 2210 3830 non
2250 3760 2654 3846 extinguitur

1761 3919 1848 3985 48
1932 3917 2145 3985 omnis
2189 3926 2298 3984 eni
2343 3913 2614 3982 uictima

1756 4073 1841 4138 49
1928 4070 2202 4138 salietur
2247 4069 2433 4136 Bomi
2479 4073 2582 4134 eet

1729 4172 1799 4203 mr
1823 4157 1902 4203 102

1724 4210 1878 4365 ἓξὲξ,
1933 4223 2033 4290 sal
2079 4222 2253 4308 quod
2295 4222 2352 4289 si
2398 4220 2497 4287 sal
2544 4220 2713 4287 insul

1934 4376 2012 4441 su
2059 4375 2255 4443 fuerit
2297 4374 2366 4441 in
2409 4394 2534 4459 quo
2579 4373 2625 4439 il

1934 4526 2043 4595 lud
2092 4527 2413 4597 condietis
2459 4526 2627 4595 habe

2825 667 2948 733 155
