3634 5717
725 649 844 713 198

794 849 836 914 2

795 1157 838 1219 3

1844 642 2117 711 Loc2

922 846 1098 914 orbis
1122 846 1309 914 haec
1352 843 1674 931 professio

927 1001 1144 1086 prima
1184 1000 1363 1064 facta
1405 1002 1507 1064 est
1543 1017 1586 1062 a
1628 996 1806 1081 presi

925 1152 1009 1220 de
1051 1151 1272 1238 syriae
1316 1149 1543 1236 cyrino
1586 1153 1654 1215 et
1695 1147 1883 1215 ibant

930 1325 1154 1373 omnes
1197 1310 1270 1370 ut
1312 1301 1769 1387 profiterentur

929 1456 1177 1543 singuli
1221 1455 1289 1521 in
1334 1452 1520 1521 s'uam
1566 1453 1769 1521 ciuita

926 1617 1078 1677 tem.
1122 1606 1441 1676 Ascendit
1480 1612 1699 1673 autem

930 1768 998 1829 et
1039 1760 1272 1845 ioseph
1319 1780 1362 1825 a
1402 1757 1651 1844 galilea
1693 1759 1779 1825 de
1825 1758 1887 1824 ci

927 1913 1134 1981 uitate
1179 1911 1488 1979 nazareth
1533 1911 1602 1977 in
1648 1909 1800 1977 iude

929 2085 1037 2133 am
1080 2063 1415 2131 ciuitatem
1460 2061 1663 2130 dauid
1707 2082 1852 2146 quae

928 2225 1198 2286 uocatur
1235 2216 1563 2284 bethleem
1604 2236 1682 2283 eo

930 2370 1104 2457 quod
1142 2376 1320 2439 esset
1364 2368 1446 2436 de
1492 2367 1685 2436 domo

931 2530 998 2591 et
1039 2523 1297 2591 familia
1340 2520 1541 2589 dauid
1587 2527 1658 2589 ut
1700 2541 1820 2606 pro

932 2675 1223 2743 fiteretur
1266 2695 1413 2743 cum
1458 2674 1671 2742 maria

931 2847 1133 2895 uxore
1177 2846 1299 2896 sua
1342 2848 1486 2894 cum
1532 2834 1708 2894 esset
1761 2868 1775 2882 -

933 2980 1002 3045 in
1049 2985 1232 3048 utero
1272 2980 1543 3047 habens.
1591 2981 1796 3047 Factis

935 3137 1035 3199 cst
1078 3138 1230 3199 aute
1276 3152 1420 3199 cum
1464 3139 1688 3202 essent

935 3284 1028 3365 ibi
1072 3285 1308 3369 inpleti
1351 3235 1519 3352 sunt
1546 3285 1690 3354 dies
1734 3293 1805 3353 ut

934 3443 1199 3521 pareret
1241 3443 1307 3505 et
1350 3438 1609 3525 peperit
1657 3438 1701 3505 fi

936 3589 1095 3655 lium
1140 3608 1324 3656 suum
1371 3589 1741 3676 primogeni

938 3747 1073 3808 tum
1118 3747 1186 3809 et
1227 3742 1467 3827 pannis
1512 3762 1659 3810 eum
1706 3743 1774 3809 in

937 3893 1145 3961 uoluit
1189 3900 1255 3962 et
1298 3895 1519 3980 posuit
1562 3895 1628 3961 in
1674 3916 1811 3981 prae

935 4047 1122 4132 sepio
1166 4046 1322 4131 quia
1364 4068 1494 4113 non
1540 4054 1682 4147 erat
1726 4049 1787 4115 ei

935 4198 1117 4266 locus
1162 4199 1229 4264 in
1270 4199 1652 4268 diuersori0.

2106 846 2146 912 8

2233 849 2532 929 pastores
2577 847 2795 910 autem
2841 847 3030 910 erant

2111 976 2130 993 ‘
2234 999 2304 1064 in
2345 996 2465 1063 ina
2507 995 2781 1080 regione
2822 993 3078 1079 uigilan

2070 2210 2153 2275 10

2078 2975 2152 3040 11

2081 3436 2158 3500 12

2079 3895 2159 3961 13

2235 1157 2338 1218 tes
2381 1154 2449 1218 et
2493 1145 2937 1215 custodientes

2236 1299 2505 1387 uigilias
2547 1299 2760 1366 noctis
2804 1318 3008 1384 supra

2238 1473 2509 1540 gregem
2550 1472 2759 1519 suvm.
2804 1452 2889 1518 Et
2917 1472 2995 1519 ec

2236 1627 2311 1675 ce
2357 1606 2634 1689 angelus
2679 1604 2797 1670 diri
2838 1604 3044 1671 stetit·

2238 1760 2424 1826 iuxta
2465 1758 2618 1824 illos
2663 1762 2731 1824 et
2772 1755 3041 1825 claritas

2241 1911 2308 1978 di
2355 1909 2785 1978 circumfulsit
2827 1929 2940 1977 eos
2985 1916 3053 1976 et

2241 2064 2597 2130 timuerunt
2637 2061 2873 2130 timore

2238 2237 2481 2303 magno
2525 2222 2594 2283 et
2635 2214 2807 2282 dixit
2848 2235 3023 2300 ange

2239 2372 2341 2437 lus
2385 2369 2590 2439 nolite
2633 2368 2866 2435 timere
2911 2387 2988 2435 ec
3045 2368 3050 2371 ’

2240 2543 2316 2590 ce
2361 2521 2536 2589 enim
2579 2521 2964 2605 euangelizc

2243 2674 2432 2743 uobis
2476 2671 2790 2759 gaudium
2835 2675 3086 2760 mag-mi

2246 2825 2418 2912 quod
2463 2826 2590 2893 erit
2632 2825 2812 2893 omni
2856 2825 3036 2911 plebi

2244 2980 2401 3064 quia
2442 2984 2636 3046 natus
2682 2984 2785 3047 est
2801 3060 2807 3069 .
2826 2978 3014 3046 uobis

2193 3116 2200 3119 ⁷
2243 3131 2442 3200 hodie
2484 3131 2776 3200 saluator
2820 3130 2931 3215 qui
2976 3137 3079 3199 est

2246 3293 2370 3371 xps
2413 3284 2538 3353 dfis
2582 3285 2650 3351 in
2696 3284 2964 3352 ciuitate
3008 3283 3098 3350 da

2245 3438 2359 3506 uid
2404 3445 2470 3505 et
2512 3438 2640 3505 hoc
2680 3437 2868 3505 uobis
2912 3436 3110 3522 signu
3203 3532 3212 3537 -

2248 3590 2599 3658 inuenietis
2643 3588 2964 3658 infantem
3007 3608 3139 3674 pan

2249 3743 2351 3809 nis
2394 3742 2758 3810 inuolutum
2802 3748 2870 3809 et
2911 3740 3059 3827 posi

2246 3903 2380 3963 tum
2427 3895 2494 3962 in
2538 3894 2844 3980 presepio
2890 3899 2958 3960 et
2999 3913 3074 3960 su

2247 4047 2384 4114 bito
2430 4046 2605 4115 facta
2649 4052 2751 4113 est
2790 4066 2938 4113 cum
2981 4065 3157 4131 ange

2245 4202 2311 4267 lo
2358 4197 2703 4266 multitudo
2749 4198 3024 4266 militiae.

2417 4351 2679 4420 celestis
