3634 5717
348 671 392 731 F
403 670 464 734 ol
506 670 591 734 49

549 891 630 935 an
679 872 991 956 templum
1039 874 1213 957 quod
1261 887 1356 941 sei

383 1025 456 1089 18
545 1024 698 1093 fleat
742 1035 903 1091 aursi
947 1033 1015 1092 et
1058 1027 1316 1111 quicum

547 1176 604 1258 q'
648 1177 965 1246 iurauerit
1008 1179 1075 1245 in
1121 1181 1316 1247 altari

547 1330 710 1396 nihil
757 1339 858 1398 est
902 1332 1159 1416 quionq'
1204 1341 1355 1401 aute

550 1483 863 1552 iurauerit
908 1486 974 1552 in
1020 1485 1193 1553 dono
1235 1486 1392 1571 qvod

550 1644 653 1704 est
694 1657 892 1723 super
938 1639 1102 1706 illud
1148 1637 1345 1706 (sehet

386 1787 463 1851 19
551 1790 705 1856 eaeci
751 1791 910 1875 quid
955 1803 1062 1858 eni
1109 1793 1318 1859 maius
1362 1800 1463 1859 est

551 1943 728 2009 donfi
774 1965 859 2011 an
906 1945 1115 2015 altare
1161 1945 1333 2029 quod

382 2096 469 2160 20
551 2098 805 2164 scifieat
847 2097 1089 2165 donum
1136 2099 1247 2182 qui

551 2270 709 2335 ergo
757 2250 930 2317 iurat
971 2251 1041 2317 in
1088 2252 1297 2319 altare

549 2401 723 2469 iurat
765 2402 833 2468 in
879 2424 959 2470 eo
1003 2411 1071 2472 et
1112 2405 1179 2470 in
1222 2406 1402 2471 omni

552 2554 671 2621 bus
722 2576 864 2638 quae
910 2563 1062 2623 sunt
1104 2577 1302 2642 super

380 2707 460 2772 21
552 2707 713 2774 illud
761 2715 827 2776 et
870 2710 978 2793 qui
1026 2710 1341 2778 iurauerit
1444 2770 1453 2777 .

557 2861 624 2927 in
669 2863 914 2948 templo
961 2863 1134 2930 iurat
1177 2863 1243 2930 in
1291 2864 1405 2931 illo

555 3021 620 3081 et
663 3015 731 3082 in
777 3036 855 3082 eo
902 3016 1011 3100 qui
1054 3016 1311 3083 habitat

382 3168 466 3231 22
551 3169 620 3233 in
666 3169 811 3254 ipso
855 3178 922 3235 et
966 3170 1077 3254 qui
1122 3170 1294 3238 iurat
1338 3171 1405 3237 in

553 3322 714 3387 eaelo
758 3322 932 3389 iurat
973 3322 1040 3387 in
1088 3322 1322 3390 throno

553 3474 622 3539 di
668 3482 735 3542 et
772 3475 841 3540 in
887 3495 965 3541 eo
1011 3475 1121 3558 qui
1165 3475 1355 3543 sedet

383 3626 467 3690 23
553 3645 751 3710 super
790 3647 937 3694 eum
983 3627 1125 3694 Uae
1168 3627 1357 3694 uobis

352 3713 522 3755 mt235

349 3764 496 3857 105³&
555 3780 786 3846 soribae
830 3786 897 3846 et
940 3780 1249 3865 pharisaei
1293 3781 1385 3865 hy

556 3932 823 4016 poeritae
868 3932 1023 4016 quia
1065 3932 1324 3999 decima

552 4085 638 4149 tis
684 4093 904 4152 menta
949 4092 1014 4152 et
1058 4094 1258 4153 aneta

553 4245 619 4303 et
661 4238 926 4322 eyminfi
974 4246 1041 4304 et
1083 4239 1353 4322 reliqvis

552 4390 637 4456 tis
683 4412 827 4474 quae
873 4391 1185 4475 grauiora
1226 4398 1379 4456 svnt

552 4544 720 4628 legis
765 4544 1077 4609 iudicium
1121 4552 1188 4610 et
1234 4543 1395 4609 mise

854 4696 1137 4762 ricordia

1454 673 1548 737 Mt
1592 671 1642 737 C
1686 672 1770 738 23
2805 674 2887 738 93

1864 879 1930 940 et
1972 874 2168 940 fidem
2214 874 2357 939 haee
2393 880 2697 982 oportent

1862 1027 2080 1093 facere
2126 1034 2192 1094 et
2231 1027 2349 1094 illa
2394 1047 2525 1092 non
2571 1047 2609 1092 ο

1685 1184 1771 1247 24
1859 1180 2115 1247 mittere
2161 1180 2404 1248 Duees†
2451 1180 2631 1245 colan
2728 1181 2751 1231 †
2791 1180 2885 1224 θεοῦ

1655 1268 1827 1361 mam
1859 1340 1959 1398 tes
2004 1333 2209 1436 calice
2256 1333 2537 1400 camellfi
2583 1354 2666 1399 au

1691 1490 1775 1555 25
1863 1494 1994 1552 tem
2041 1485 2442 1570 glutinentes
2483 1486 2623 1552 Vae

1658 1580 1725 1618 tut
1750 1569 1829 1618 237

1658 1627 1804 1720 101535
1866 1639 2052 1705 uobis
2097 1639 2328 1705 seribae
2374 1648 2439 1705 et
2482 1638 2673 1724 phari

1862 1793 1978 1857 saei
2027 1792 2412 1878 hypocritae
2458 1791 2613 1876 quia

1862 1945 2197 2012 mundatis
2242 1918 2418 2030 qued
2461 1945 2545 2012 de
2588 1945 2653 2011 fo

1863 2096 1952 2161 ris
1998 2104 2099 2163 est
2143 2097 2370 2165 calicis
2415 2105 2482 2165 et
2525 2099 2733 2183 parab

1864 2249 2028 2315 sidis
2072 2250 2249 2316 intus
2294 2258 2447 2317 aute
2494 2252 2673 2335 pleni

1865 2410 2017 2468 sunt
2061 2402 2301 2487 rapina
2343 2411 2410 2470 et
2454 2403 2676 2468 inmvn

1693 2558 1776 2622 26
1865 2555 2031 2621 ditia
2077 2555 2404 2640 pharisaee
2445 2576 2598 2623 eece
2642 2577 2794 2621 mvn

1867 2708 1956 2775 da
1998 2709 2179 2794 prius
2223 2709 2394 2792 quod
2440 2709 2615 2775 intus

1867 2869 1969 2927 est
2012 2861 2239 2928 ealieis
2285 2868 2352 2928 et
2395 2862 2667 2948 parapsi

1867 3014 1971 3080 dis
2016 3022 2088 3081 ut
2130 3015 2247 3082 fiat
2291 3023 2359 3082 et
2403 3014 2473 3081 id
2518 3015 2692 3099 quod

1870 3166 1954 3234 de
1999 3168 2159 3234 foris
2206 3175 2307 3235 est
2350 3167 2595 3235 mnndfi

1660 3321 1834 3451 ,ἔξω
1868 3319 1986 3386 Uae
2031 3322 2219 3387 uobis
2266 3300 2499 3388 scribae
2543 3328 2610 3388 et
2653 3322 2788 3407 pha

1660 3459 1805 3554 10?ae
1867 3471 2041 3539 risaei
2085 3472 2472 3557 hypocritae
2516 3474 2672 3558 quia

1865 3625 2114 3691 similes
2161 3625 2320 3692 estis
2365 3626 2685 3710 sepulcris

1867 3778 2192 3845 dealbatis
2238 3798 2380 3862 quae
2424 3799 2465 3845 a
2509 3778 2669 3844 foris

1870 3938 2103 4015 parent
2145 3931 2453 3997 hominib’
2498 3951 2619 4016 spe

1869 4085 2052 4150 eiosa
2095 4084 2272 4151 intus
2317 4104 2474 4171 pero
2520 4085 2631 4169 ple

1867 4258 1957 4303 na
1998 4245 2152 4303 sunt
2195 4237 2388 4306 ossib'
2435 4243 2646 4303 mortv

1868 4392 1986 4455 orfi
2033 4397 2099 4457 et
2143 4390 2683 4476 omni‚spurcitia

1695 4543 1777 4606 28
1865 4543 1963 4607 sie
2006 4550 2073 4607 et
2117 4562 2234 4608 uos
2280 4563 2322 4608 a
2366 4542 2525 4608 foris
2568 4541 2764 4627 quide

2175 4695 2420 4779 paretis
