3634 5717
391 640 512 707 Fol
557 641 640 707 38

498 860 501 865 ⁴
595 842 804 909 donee
846 841 1018 908 filius
1062 841 1240 908 homi

593 992 697 1059 nis
742 1014 783 1059 a
828 992 1096 1058 mortuis
1135 1012 1206 1059 re

388 1142 558 1274 mfflu
594 1149 823 1228 surgat
865 1143 950 1208 Et
993 1144 1164 1208 inter

385 1281 535 1376 ,ωδ-μ,
594 1300 991 1379 rogaverunt
1033 1302 1118 1361 eu
1176 1376 1186 1387 ⁶

589 1444 896 1532 discipuli
943 1443 1135 1511 dicen

588 1606 690 1664 tes
736 1595 893 1681 quid
940 1616 1099 1680 ergo
1145 1615 1216 1660 se

590 1750 749 1816 ribae
794 1748 1021 1814 dieunt
1065 1745 1236 1830 quod

589 1900 767 1967 heliu
809 1905 1068 1984 oportet
1110 1897 1212 1981 pri

422 2061 496 2125 11
588 2073 761 2121 mum
808 2050 1032 2118 uenire
1071 2055 1141 2115 at
1183 2048 1228 2112 il

586 2204 649 2269 le
693 2200 1099 2287 respondens
1145 2220 1187 2264 a

584 2354 637 2418 it
679 2353 811 2419 illis
855 2352 1059 2419 helia*¹
1103 2349 1298 2434 quide

585 2511 896 2571 uenturus
940 2510 1043 2571 est
1086 2508 1152 2568 et

586 2654 884 2721 restituet
925 2653 1103 2719 omni

419 2800 498 2863 12
584 2827 627 2872 a
669 2806 816 2871 dico
854 2810 1004 2870 aute
1051 2802 1237 2869 uobis

585 2956 741 3041 quia
777 2955 988 3023 helias
1034 2954 1165 3020 iam

587 3106 768 3174 uenit
808 3113 874 3174 et
918 3125 1047 3171 non
1094 3125 1220 3188 cog

586 3265 906 3325 nonerunt
948 3278 1094 3324 eum

586 3408 703 3475 sed
748 3410 1041 3475 fecerunt
1085 3409 1147 3474 ei

589 3564 834 3640 quanta
875 3559 1219 3633 uoluervnt

588 3708 684 3773 sic
727 3715 794 3775 et
833 3660 1005 3773 finus
1047 3707 1265 3777 homi.

589 3859 692 3923 nis
736 3879 1046 3944 passurus
1093 3865 1194 3923 est

422 4018 502 4081 13
588 4009 672 4074 ab
717 4008 814 4075 eis
859 4014 1011 4074 tune
1054 4008 1212 4074 intel

502 4173 509 4177 ·
589 4161 888 4225 lexerunt
932 4159 1095 4224 disci

590 4310 731 4393 puli
775 4311 930 4393 quia
973 4309 1056 4374 de
1100 4308 1297 4375 iohan·

592 4482 673 4526 ne
718 4462 1010 4545 baptista
1053 4459 1167 4524 dix

589 4611 750 4678 isset

1489 641 1798 710 Mtcl‘l

1735 844 1816 910 14
1899 843 1984 908 Et
2026 864 2170 909 eum
2217 845 2514 911 uenisset

1705 932 1773 972 mt
1798 927 1877 971 175

1701 979 1848 1124 {3²3¹
1912 992 1998 1059 ad
2043 994 2265 1060 turbas
2311 995 2589 1061 secessit

1911 1145 1995 1211 ad
2043 1165 2188 1211 eum
2233 1143 2429 1211 homo
2474 1166 2558 1230 ge

1908 1296 2039 1362 nib’
2085 1299 2463 1382 prouolutus
2507 1317 2592 1364 an
2632 1339 2637 1342 -

1736 1453 1815 1518 15
1908 1456 1974 1516 te
2019 1469 2166 1515 eum
2212 1449 2437 1515 dieens
2483 1447 2614 1515 dne

1904 1601 2210 1685 miseren]
2256 1599 2391 1665 filio
2433 1618 2577 1666 meo

1907 1752 2061 1835 quia
2104 1727 2575 1818 lunaticus‘est

1905 1909 1971 1969 et
2015 1902 2186 1969 male
2226 1902 2475 1985 patitur
2518 1912 2605 1967 nu

1903 2073 2062 2138 sepe
2107 2052 2286 2135 cudit
2329 2053 2397 2117 in
2445 2051 2601 2135 igne
2669 2046 2679 2056 ”

1903 2212 1970 2270 et
2012 2204 2238 2268 erebro
2286 2202 2353 2267 in
2399 2212 2571 2284 aqua

1732 2350 1813 2414 16
1902 2362 1969 2421 et
2013 2353 2216 2419 obtuli
2262 2362 2345 2418 eu
2391 2351 2557 2416 disci

1902 2505 2076 2589 pulis
2121 2502 2252 2568 tuis
2296 2508 2363 2568 et
2406 2522 2537 2566 non

1904 2658 2255 2739 potuerunt
2298 2670 2526 2717 curare

1728 2806 1804 2869 17
1896 2826 2042 2872 eum
2089 2805 2274 2869 Tune
2316 2820 2554 2887 respon

1899 2955 2061 3022 dens
2105 2953 2208 3020 ihs
2253 2952 2348 3018 ait
2392 2973 2430 3017 ο
2475 2973 2646 3036 gene

1897 3106 2069 3170 ratio
2116 3100 2455 3169 incredula
2499 3109 2565 3168 et

1900 3274 2213 3341 peruersa
2253 3254 2391 3336 usq'
2435 3273 2561 3336 quo

1901 3427 2013 3472 ero
2057 3404 2329 3471 uobiseu
2373 3405 2509 3486 usq'

1902 3577 2030 3639 quo
2074 3554 2293 3639 patiar
2336 3573 2455 3618 uos
2500 3552 2584 3619 ad

1668 3664 1682 3677 o
1735 3713 1812 3774 18
1901 3707 2066 3772 ferte
2109 3706 2202 3749 ¹¹⁰0
2245 3702 2366 3768 illu
2410 3703 2497 3769 ad
2543 3724 2646 3769 me
2686 3711 2752 3770 et

1826 3888 1831 3893 ·
1900 3854 2271 3941 inerepauit
2316 3855 2378 3919 ei
2424 3853 2527 3918 ihs

1903 4014 1971 4074 et
2014 4006 2177 4072 exiit
2220 4006 2305 4070 ab
2350 4025 2428 4070 eo
2474 4003 2672 4068 daemo

1904 4158 2020 4224 niu
2066 4164 2132 4223 et
2169 4161 2429 4222 curatus
2474 4161 2575 4220 est

1904 4329 2067 4394 puer
2110 4329 2194 4373 ex
2237 4307 2354 4372 illa
2396 4306 2560 4371 hora

1729 4461 1807 4524 19
1897 4461 2085 4526 Tune
2130 4463 2549 4525 accesserunt

1697 4548 1768 4589 mt
1792 4543 1872 4588 176

1695 4645 1743 4688 10
1767 4594 1848 4688 ξω
1905 4610 2213 4693 discipuli

2839 649 2916 713 71
