3634 5717
2739 673 2901 733 m

335 876 462 915 cem
528 856 600 915 ab
644 856 888 917 Erasmo
956 857 1284 919 adhibitum
1349 871 1760 921 commemorat
1805 861 1871 936 (l.
1920 861 1957 923 l.
2006 859 2089 922 H.
2142 863 2315 937 595),
2382 860 2484 919 sed
2550 861 2727 920 alium
2773 881 2900 921 esse

337 941 691 1020 arbitratur3
737 944 1141 1018 consentitque
1187 966 1319 1005 cum
1363 968 1431 1006 eo
1461 945 1533 1008 G.
1569 946 1882 1024 Stephens,
1928 946 2081 1022 quod
2111 946 2292 1005 codex
2323 966 2533 1005 aureus
2564 956 2625 1005 et
2653 947 2900 1006 Latinus

228 1023 239 1028 “
337 1027 569 1086 Erasmi
635 1031 942 1090 co'ntextus
1010 1031 1181 1089 nimis
1244 1033 1399 1091 inter
1464 1052 1526 1091 se
1586 1033 1955 1092 dissentiant.
2045 1030 2176 1091 Hoc
2242 1041 2431 1090 tamen
2499 1041 2898 1104 argumentum

339 1111 553 1171 nullius
596 1115 871 1174 momenti
918 1124 1042 1189 est3
1090 1115 1357 1176 Latinam
1403 1118 1556 1177 enim
1602 1119 2040 1178 translationem
2071 1137 2232 1176 suam
2265 1117 2543 1176 Erasmus
2574 1138 2648 1176 ex
2676 1116 2899 1177 Graeco

338 1198 460 1269 ipse
504 1200 772 1270 perfecit.
863 1198 1080 1278 Quare,
1147 1204 1261 1261 etsi
1328 1204 1453 1263 fieri
1500 1204 1733 1277 quidem
1792 1213 2008 1280 potest,
2076 1213 2144 1262 ut
2208 1212 2455 1275 uterque
2511 1202 2694 1262 codex
2745 1203 2898 1262 idem

335 1284 435 1350 sit,
482 1284 705 1344 incerta
749 1296 944 1345 tamen
994 1307 1087 1346 res
1132 1297 1241 1350 est.
1332 1287 1397 1348 Si
1443 1309 1506 1348 re
1550 1309 1689 1348 vera
1732 1290 1887 1348 idem
1946 1299 2055 1366 est,
2114 1288 2302 1361 colligi
2369 1301 2585 1365 posset,
2644 1288 2899 1348 codicem

334 1389 593 1442 aureum,
639 1389 816 1444 quum
863 1372 923 1431 in
967 1374 1331 1444 possessione
1375 1376 1633 1446 potentis
1674 1376 1930 1435 familiae
1976 1374 2165 1446 regiae
2201 1374 2563 1449 Austriacae,
2609 1373 2899 1446 Belgicae.

332 1453 688 1527 Hispanicae
718 1467 894 1536 esset,
938 1458 1269 1519 Mechlinea
1296 1459 1624 1519 Madridam
1653 1460 1943 1533 perlatum
1973 1480 2121 1538 esse,
2166 1460 2277 1518 nisi
2310 1459 2571 1519 obstaret
2614 1461 2899 1536 quaestio,

331 1541 617 1613 quomodo
665 1541 982 1603 Cantuaria
1022 1544 1410 1605 Mechlineam
1465 1548 1858 1625 pervenisset,
1924 1547 1997 1606 ad
2054 1565 2225 1620 quam
2291 1546 2688 1619 quaestionem
2754 1545 2897 1604 nihil

330 1635 548 1706 potest,
593 1637 873 1701 qnantum
917 1629 1171 1706 videtur,
1215 1631 1571 1705 responderi.

1551 1938 1669 2020 VI.

500 2142 591 2203 De
657 2145 852 2216 patria
915 2145 1131 2205 codicis
1197 2148 1357 2206 aurei
1412 2145 1651 2205 difficile
1696 2157 1787 2205 est
1830 2167 1936 2219 pro
1982 2153 2141 2205 certo
2186 2145 2444 2206 definire.
2535 2144 2716 2216 Quod
2752 2145 2896 2207 Can-

331 2229 556 2288 tuariae
601 2229 832 2289 saeculo
878 2250 1027 2290 nono
1073 2230 1285 2307 adfuit,
1330 2251 1518 2305 neque
1562 2230 1773 2308 minus,
1819 2231 1975 2304 qnod
2004 2231 2219 2302 figurae
2250 2231 2581 2290 animalium
2612 2242 2674 2289 et
2703 2233 2894 2290 avium

329 2313 793 2387 artificiosaeque
840 2314 973 2373 illae
1017 2315 1345 2376 litterarum
1391 2317 1798 2393 connexiones,
1845 2335 1992 2389 quae
2039 2316 2098 2374 in
2148 2315 2345 2374 codice
2397 2335 2572 2374 aureo
2602 2315 2700 2375 fol.
2740 2321 2806 2373 11
2847 2333 2894 2375 ι··.

331 2407 394 2456 et
437 2399 593 2457 circa
646 2399 925 2471 imagines
984 2399 1230 2458 duorum
1291 2401 1773 2472 evangelistarum
1834 2410 2010 2473 atque
2054 2400 2114 2457 in
2159 2399 2474 2458 canonibus
2517 2399 2760 2458 Eusebii
2805 2420 2898 2459 ex-

331 2491 515 2556 stant,
581 2483 801 2542 similes
868 2493 1006 2542 sunt
1070 2483 1315 2560 sculptis
1382 2485 1499 2544 illis
1545 2495 1626 2543 et.
1650 2485 1823 2556 pictis
1883 2484 2270 2559 ornamentis,
2339 2503 2485 2558 qnae
2530 2485 2591 2542 in
2635 2483 2899 2556 pluribus

334 2569 724 2628 monumentis
753 2567 1050 2627 veteribus
1074 2568 1432 2629 Britannicis
1462 2570 1910 2644 Hibernicisqve
1941 2570 2396 2647 conspiciuntur,
2442 2569 2649 2628 coniici
2679 2581 2897 2646 posset,

334 2673 463 2712 esse
507 2673 639 2712 enm
684 2654 743 2712 in
789 2653 994 2712 insulis
1046 2654 1401 2714 Britannicis
1447 2657 1745 2728 scriptum.
1852 2655 1986 2716 Non
2031 2655 2243 2714 desunt
2288 2664 2513 2732 tamen,
2571 2674 2717 2729 quae
2760 2655 2898 2714 huic

331 2739 697 2798 coniecturae
755 2737 1007 2800 obstent.
1097 2740 1168 2799 In
1227 2740 1492 2800 omnibus
1547 2742 1698 2800 enim
1743 2740 2040 2800 codicibus
2098 2760 2295 2799 sacrae
2340 2741 2661 2812 scripturae
2704 2741 2897 2799 uncia-

330 2823 503 2900 libus,
550 2825 648 2898 qui
696 2824 755 2883 in
802 2823 1008 2884 insulis
1048 2825 1405 2885 Britannicis
1450 2827 1656 2899 scripti
1701 2846 1828 2886 esse
1873 2826 2118 2898 putandi
2163 2835 2301 2885 sunt
2318 2823 2368 2900 1)
2414 2826 2723 2898 praecipue
2768 2846 2897 2885 con-

331 2909 566 2981 spicuae
611 2918 749 2968 sunt
792 2909 1026 2970 litterae
1065 2909 1455 2984 longiusculae
1501 2922 1563 2972 et
1607 2921 1834 2990 acutae,
1879 2932 1985 2972 nee
2036 2913 2150 2970 nisi
2203 2912 2262 2971 in
2310 2912 2510 2984 paucis
2563 2911 2894 2983 diplomatis

330 2995 626 3054 veteribus
671 2995 936 3068 Anglicis
996 2995 1569 3073 (Anglo-Saxoniois)
1617 2998 1910 3070 scriptura
1953 3007 2195 3070 apparet
2239 2998 2314 3074 ei⁷
2380 3016 2527 3071 quae
2580 2998 2642 3055 in
2696 2996 2893 3056 codice

332 3100 508 3140 aureo
553 3090 768 3158 exstat,
813 3080 1021 3140 similis
1069 3081 1345 3152 (Kemble
1390 3083 1427 3145 l.
1475 3082 1513 3145 l.
1562 3082 1645 3153 Ι).
1707 3082 1927 3143 Contra
1970 3083 2152 3143 codex
2197 3103 2405 3142 aurens
2449 3091 2691 3155 propter
2734 3102 2897 3141 orna-

330 3176 526 3225 menta
569 3187 676 3225 sua
717 3165 1017 3226 luxuriosa
1060 3176 1234 3241 atque
1279 3168 1529 3228 colorem
1559 3188 1916 3241 purpureum
1947 3178 2008 3227 et
2036 3168 2266 3227 litteras
2295 3188 2550 3244 magnas,
2598 3167 2894 3242 rotundas,

331 3251 548 3310 nitidas
578 3260 801 3311 tantam
845 3252 1024 3312 habet
1066 3253 1506 3313 similitudinem
1538 3275 1669 3314 cnm
1697 3254 1901 3314 multis
1946 3253 2261 3328 codicibus,
2308 3254 2406 3326 qui
2449 3273 2521 3311 ex
2552 3251 2727 3310 Italia
2769 3271 2896 3323 pro-

333 3337 473 3396 fecti
517 3357 645 3396 esse
689 3337 935 3410 putandi
980 3349 1137 3416 sunt,
1179 3360 1236 3401 v,
1284 3360 1331 3400 c.
1379 3339 1676 3399 codicibus
1717 3339 1904 3399 Italae
1951 3360 2003 3416 a,
2047 3339 2107 3416 b,
2153 3359 2206 3414 e,
2252 3340 2295 3414 f,
2343 3340 2382 3413 i,
2420 3342 2443 3410 j
2496 3338 2581 3411 (h.
2629 3357 2679 3395 e.
2727 3335 2891 3396 codd.

334 3421 609 3499 Vercell„
636 3423 878 3500 Veron..
901 3444 989 3484 ev.
1008 3424 1283 3500 Palatia,
1307 3424 1497 3498 Brix.,
1526 3424 1804 3500 vindob..
1830 3426 2048 3501 Zara),
2078 3424 2276 3483 codice
2300 3423 2473 3495 vulg.
2508 3422 2714 3482 Perus.
2748 3421 2898 3493 psal·

333 3508 482 3567 terio
514 3503 1127 3584 Sm·Gemanensi²),
1158 3510 1282 3571 cod.
1315 3521 1588 3582 argenteo
1620 3508 1872 3569 Gothico
1893 3509 2248 3584 Upsaliensi7
2292 3519 2362 3568 ut
2393 3509 2589 3581 potius
2619 3528 2691 3567 ex
2720 3505 2897 3565 Italia

336 3594 615 3653 oriundus
660 3613 788 3653 esse
832 3595 1255 3653 existimandus
1299 3596 1399 3672 sit,
1446 3595 1531 3654 ita
1575 3605 1788 3670 tamen,
1833 3605 1903 3653 ut
1946 3594 2266 3666 particulae
2313 3594 2467 3670 illae,
2512 3612 2658 3667 quae
2703 3611 2897 3651 recen·

335 3680 484 3738 tiore
529 3700 703 3737 manu
746 3679 998 3751 scriptae
1043 3690 1200 3756 sunt,
1247 3681 1306 3739 in
1351 3680 1556 3740 insulis
1587 3679 1947 3739 Britannicis
1993 3679 2226 3738 additae
2271 3699 2401 3738 esse
2429 3679 2616 3738 videri
2648 3679 2891 3750 possint.

335 3764 649 3824 Aelfredus
695 3763 815 3823 dux
860 3765 1116 3824 codicem
1162 3785 1401 3824 aureum
1447 3785 1482 3824 a
1523 3764 1809 3824 militibus
1855 3765 2093 3837 paganis
2139 3773 2388 3841 emerat,
2435 3764 2536 3836 qui
2588 3764 2894 3837 quominus

333 3849 543 3909 alicubi
589 3851 650 3909 in
694 3845 936 3925 Italia3)
999 3859 1105 3909 aut
1163 3852 1221 3910 in
1268 3850 1475 3910 insulis
1518 3850 1877 3910 Britannicis
1921 3870 2053 3909 eum
2096 3850 2359 3922 rapuisse
2405 3857 2703 3926 putentur,
2748 3848 2894 3907 nihil

334 3945 443 4012 est,
490 3936 644 4010 quod
688 3935 999 4014 impediat3
1047 3956 1115 3995 eo
1159 3946 1355 3995 autem
1401 3957 1435 3995 a
1479 3936 1698 3995 nuntiis
1731 3935 2141 3995 ecclesiasticis
2171 3934 2448 3994 Romanis
2477 3934 2736 4007 perlatus
2766 3954 2893 3993 esse

333 4022 526 4094 putari
570 4030 785 4094 potest.
878 4020 1049 4092 Quod
1093 4022 1143 4081 si
1189 4032 1430 4094 propter
1472 4021 1915 4081 similitudinem
1959 4021 2290 4094 figurarum.
2351 4022 2409 4079 in
2463 4019 2659 4080 codice
2716 4035 2893 4082 aureo

333 4108 639 4187 pictarum,
685 4127 815 4166 cnm
860 4108 967 4184 iis,
1013 4125 1160 4180 qnae
1206 4108 1266 4167 in
1311 4107 1518 4167 insulis
1563 4107 1922 4166 Britannicis
1966 4105 2510 4182 deprehenduntur,
2556 4105 2627 4165 de
2672 4105 2892 4178 origine

436 4344 466 4392 ι)
493 4344 579 4391 ofr-
606 4341 889 4389 Woetwoodt
917 4341 1287 4395 Palaeossraphig
1313 4344 1459 4390 Sacra
1484 4341 1632 4388 Lond.
1652 4344 1767 4396 1845,
1803 4343 2103 4395 eiusdemque
2124 4340 2444 4387 -hiiniatureffl
2476 4339 2622 4385 Lond.
2641 4340 2759 4390 1868.
2787 4338 2890 4385 cod.

328 4415 675 4464 evangeliorum
704 4411 1101 4458 Graeco-Latinus
1129 4410 1447 4463 sangallensis
1486 4416 1536 4464 Δ
1562 4410 1650 4464 (ed.
1680 4412 1841 4463 Rettig
1866 4411 2024 4457 Turici
2062 4412 2195 4463 1836),
2235 4410 2478 4462 eidemque
2514 4408 2705 4453 additus
2743 4407 2890 4453 codex

331 4481 726 4528 Graeco-Latinus
761 4482 1063 4534 epistolarum
1102 4480 1240 4525 Pauli
1281 4479 1336 4524 G.
1366 4479 1704 4527 Boemerianus
1732 4483 1854 4530 (cnm
1894 4479 2196 4526 adnotatione
2237 4475 2527 4530 Hibernica),
2567 4477 2646 4529 qui
2684 4474 2891 4520 Dresdae

327 4553 595 4596 asservatur
621 4548 709 4598 (ed.
737 4547 972 4595 Matthaei
996 4547 1207 4595 Misenae
1231 4547 1365 4601 1791).
1394 4553 1585 4601 uterque
1612 4550 1790 4598 saeculi
1815 4549 1941 4594 noni.

430 4617 465 4671 ¹)
492 4617 601 4663 vide
628 4617 850 4662 Silvestre
879 4616 1241 4669 »Paleou-aphia
1266 4618 1586 4663 univer-selle«.
1639 4617 1746 4662 Par.
1772 4618 1877 4662 1836
1901 4616 1970 4660 11.

432 4686 467 4737 ⁸)
493 4685 601 4731 Non
628 4685 823 4731 dubium
849 4689 920 4730 est
944 4686 1057 4738 quin
1083 4685 1257 4731 milites
1282 4686 1360 4730 isti
1393 4686 1574 4737 piratae
1609 4684 1992 4737 septentrionales
2027 4682 2153 4728 Dani
2191 4687 2275 4727 aut
2301 4680 2548 4731 Norvesiei
2585 4678 2772 4728 ruerint.
2811 4677 2889 4728 qui

330 4754 617 4807 temporibus
641 4755 743 4799 istis
767 4754 817 4799 in
843 4755 935 4799 oris
960 4753 1209 4800 maritimis
1234 4752 1522 4805 Britanniae.
1553 4752 1754 4805 Galliae.
1783 4751 2058 4805 Hispaniae.
2087 4751 2230 4797 etiam
2258 4749 2429 4794 Italiae
2453 4745 2815 4799 praedabantur.

2501 4848 2583 4904 B·
