3634 5717
390 651 509 717 ποι
561 652 684 716 143

426 852 509 919 39

392 937 456 980 Br
479 936 532 980 75»

422 2066 494 2130 41

416 2524 502 2588 42

600 852 682 916 Et
726 871 1028 936 egressus
1076 851 1212 917 ibat
1256 872 1328 918 se

596 1002 810 1068 eundi
857 1002 1328 1070 consuetudine

592 1154 657 1219 in
709 1160 927 1220 monte
976 1153 1291 1220 oliuarnm
1335 1110 1407 1220 se

597 1305 729 1371 euti
776 1312 925 1372 sunt
971 1313 1122 1372 aute
1167 1306 1350 1372 illum

593 1463 659 1521 et
701 1456 1008 1543 discipuli
1058 1457 1197 1524 eius
1240 1457 1322 1522 Et
1363 1464 1439 1523 eir

592 1608 1000 1692 peruenisset
1044 1608 1130 1674 ad
1175 1608 1322 1673 loeti

592 1759 760 1826 dixit
805 1759 937 1825 illis
984 1766 1164 1825 orate
1213 1779 1292 1824 ne
1340 1760 1406 1824 in

590 1911 776 1978 tretis
819 1911 889 1978 in
933 1911 1363 1996 temptatione

589 2062 674 2128 Et
716 2062 862 2147 ipse
907 2062 1170 2129 auulsus
1216 2070 1316 2130 est

593 2214 677 2280 ab
719 2214 816 2283 eis
862 2220 1108 2299 quantu
1155 2213 1364 2282 iaetus

592 2377 691 2432 est
734 2365 977 2452 lapidis
1024 2374 1090 2436 et
1135 2366 1369 2454 positis

588 2518 805 2602 genib'
847 2480 1078 2585 orabat
1121 2518 1348 2587 dicens

591 2671 787 2737 Pater
830 2671 887 2737 si
931 2670 1033 2737 uis
1065 2673 1362 2751 *transfer

591 2820 796 2887 oaliee
841 2819 972 2888 istu
1019 2846 1060 2889 a
1104 2844 1209 2892 me
1251 2831 1407 2891 uerv

589 2984 807 3039 tamen
850 2993 979 3040 non
1027 2995 1173 3043 mea
1217 2995 1298 3042 uo

588 3124 806 3191 luntas
851 3124 968 3190 sed
1016 3133 1128 3191 tua
1173 3126 1288 3192 fiat

591 3277 916 3360 Apparuit
960 3284 1110 3344 ante
1158 3278 1253 3344 illi

586 3427 861 3512 angelus
908 3426 990 3494 de
1037 3427 1195 3494 oaelo
1240 3450 1361 3496 oon

585 3578 835 3645 fortans
881 3580 964 3645 eu
1010 3586 1075 3647 et
1121 3581 1226 3649 fae

587 3735 689 3797 tus
734 3731 800 3796 in
848 3732 1092 3816 agonia
1135 3753 1253 3817 pro

589 3880 785 3947 lixius
821 3864 1060 3949 *orabat
1106 3889 1172 3950 et
1217 3889 1321 3952 fae

587 4040 690 4098 tus
736 4041 838 4111 est
881 4034 1080 4101 sudor
1125 4037 1263 4103 eius

587 4185 755 4250 sieut
800 4194 1025 4268 guttae
1071 4209 1191 4254 san

586 4336 802 4420 guinis
849 4337 1251 4405 decurrentis

755 4490 820 4554 in
867 4495 1105 4558 terram

1508 651 1597 717 Lo
1640 649 1816 716 022
2811 646 2938 712 ⁴283

1744 853 1830 921 45
1921 852 1999 917 Et
2045 852 2124 917 01⁸1
2172 848 2563 917 surrexisset
2608 850 2692 915 ab

1788 937 1815 981 2
1915 1001 2215 1067 oratione
2259 1008 2325 1067 et
2368 1001 2660 1067 uenisset

1916 1152 2003 1218 ad
2048 1152 2409 1238 discipulos
2455 1170 2608 1217 suos
2656 1151 2808 1217 inne
2858 1186 2869 1207 x

1777 1320 1786 1331 ¹
1915 1305 2014 1369 nit
2060 1304 2208 1371 illos
2255 1304 2656 1371 dormientes

1739 1464 1825 1527 46
1914 1476 2074 1541 prae
2117 1455 2389 1523 tristitia
2432 1461 2499 1520 et
2543 1453 2638 1521 ait
2681 1453 2727 1520 il

1915 1607 1997 1672 lis
2042 1606 2198 1691 quid
2245 1606 2544 1673 dormitis
2587 1624 2699 1672 sur

1707 1714 2077 1844 ῒὀιίιίωςῑιιψ
2124 1780 2206 1826 ne
2249 1759 2508 1826 intretis
2551 1758 2618 1823 in
2666 1765 2778 1841 tep

1911 1911 2225 1977 tationem

1739 2063 1820 2189 43
1910 2060 2143 2128 Adhue
2185 2084 2263 2131 eo
2308 2064 2615 2147 loquente
2656 2081 2732 2128 eo

1911 2235 1985 2281 ee
2031 2215 2221 2282 turba
2264 2223 2331 2282 et
2375 2214 2486 2298 qui
2526 2233 2692 2280 noea

1907 2367 2100 2434 batur
2145 2366 2334 2434 iudas
2377 2383 2544 2432 unus
2589 2363 2672 2430 de
2716 2361 2845 2427 dvo

1909 2517 2119 2586 deoim
2166 2515 2602 2585 anteeedebat

1910 2690 2024 2738 eos
2063 2677 2131 2738 et
2172 2669 2632 2755 adpropinqua

1909 2822 2007 2889 uit
2049 2822 2164 2888 ihu
2209 2828 2281 2889 ut
2324 2820 2725 2888 oscularetur

1909 2995 2054 3041 eum
2099 2974 2226 3041 hoe
2269 2979 2419 3041 aute
2462 2971 2738 3040 dederat

1905 3125 2038 3192 illis
2083 3125 2282 3211 signu
2327 3142 2520 3209 quem
2563 3142 2720 3190 osou

1904 3278 2075 3344 latus
2123 3278 2302 3345 fuero
2348 3276 2494 3361 ipse
2538 3281 2639 3341 est

1726 3434 1810 3498 48
1900 3429 2011 3494 Ihs
2056 3435 2206 3495 aute
2249 3425 2419 3492 dixit
2462 3425 2525 3492 ei
2572 3424 2727 3490 iuda
2772 3444 2845 3489 os

1775 3518 1802 3561 2
1907 3580 2051 3647 culo
2095 3578 2237 3645 filifi
2280 3575 2566 3644 hominis
2610 3583 2714 3642 tra

1735 3749 1819 3814 49
1905 3733 2010 3799 dis
2056 3729 2371 3799 Uidentes
2418 3733 2567 3796 aute
2612 3726 2708 3792 hii

1777 3833 1801 3877 1
1907 3887 2015 3969 qui
2062 3886 2239 3953 eirea
2279 3885 2427 3970 ipsfi
2475 3878 2881 3971 erantquod

1906 4040 2124 4105 futuru
2172 4045 2315 4106 erat
2359 4037 2667 4105 dixerunt

1905 4190 1966 4256 ei
2011 4190 2142 4257 due
2187 4191 2245 4258 si
2285 4190 2719 4276 percutiemus

1728 4343 1815 4406 50
1906 4343 1969 4407 iu
2017 4343 2243 4427 gladio
2291 4352 2356 4409 et
2401 4344 2721 4427 percussit

2074 4515 2236 4562 unus
2282 4515 2365 4563 ex
2416 4495 2548 4564 illis
