3634 5717
719 660 846 726 358

927 861 1007 927 lit
1049 863 1132 929 efi
1176 868 1242 927 et
1283 866 1476 927 omne
1513 861 1623 945 qni

927 1015 1053 1080 fert
1095 1013 1309 1080 fruetfi
1355 1034 1570 1098 purga
1733 1019 1750 1058 ἱ

924 1167 1021 1232 bit
1065 1168 1148 1233 efi
1188 1172 1260 1232 ut
1303 1166 1520 1231 fruetfi
1559 1165 1706 1250 plus

794 1322 836 1386 3
926 1315 1184 1387 adferat
1228 1319 1296 1384 ia
1338 1338 1456 1385 nos
1502 1317 1727 1384 mnndi

928 1472 1088 1540 estis
1136 1493 1253 1557 pro
1299 1491 1600 1538 sermone
1645 1477 1770 1553 que

792 1613 837 1677 4
917 1627 1178 1692 Iocutus
1223 1599 1320 1690 sss
1347 1625 1534 1691 nobis
1581 1644 1689 1689 ma

924 1786 1078 1846 nete
1121 1779 1191 1844 in
1236 1798 1340 1844 me
1385 1782 1453 1844 et
1496 1797 1621 1861 ego

924 1932 992 1996 in
1037 1929 1226 1996 uobis
1270 1930 1439 1995 sieut
1485 1929 1594 2014 pal

928 2101 1068 2149 mes
1111 2102 1244 2148 non
1290 2088 1509 2166 potest
1551 2082 1651 2150 fer

926 2257 996 2303 re
1042 2237 1256 2302 fruetfl
1300 2255 1342 2300 a
1385 2240 1595 2300 semet
1636 2233 1705 2317 ip

923 2410 997 2456 so
1042 2388 1172 2454 nisi
1219 2386 1537 2453 manserit
1573 2386 1642 2451 in

923 2541 1058 2608 uite
1103 2541 1201 2607 sie
1242 2560 1368 2607 nee
1410 2558 1529 2605 uos
1573 2537 1705 2604 nisi

925 2694 991 2760 in
1039 2714 1143 2762 me
1188 2692 1563 2762 manseritis

791 2842 834 2907 ὅ
925 2867 1052 2933 ego
1097 2858 1176 2914 εὴ
1219 2847 1377 2914 uitis
1423 2852 1489 2913 et
1533 2864 1651 2910 uos

923 2945 1232 3085 palmites
1277 2998 1386 3083 qui
1432 3003 1654 3063 manet

821 3129 827 3135 ⁶
925 3152 992 3217 in
1041 3171 1144 3217 me
1191 3156 1256 3217 et
1300 3169 1425 3234 ego
1471 3148 1541 3213 in
1585 3169 1662 3216 eo
1707 3149 1815 3243 hie

925 3304 1054 3370 fert
1095 3302 1310 3370 fruetfi
1355 3302 1562 3368 mults]

926 3455 1083 3539 quia
1126 3456 1272 3523 sine
1311 3475 1416 3521 me
1460 3454 1627 3520 nihil
1675 3474 1759 3539 pe

793 3607 835 3671 6
920 3607 1109 3674 testis
1159 3609 1380 3675 faeere
1423 3607 1483 3673 si
1527 3606 1673 3690 quis

922 3760 988 3825 in
1036 3781 1140 3828 me
1179 3781 1312 3827 non
1353 3758 1672 3826 manserit

921 3913 1213 3980 mittetur
1257 3914 1435 3980 foras
1479 3911 1538 3976 si
1589 3875 1600 3894 t

920 4070 1029 4130 eut
1071 4063 1325 4148 palmes
1370 4069 1438 4129 et
1482 4081 1632 4130 ares

919 4217 1010 4282 eit
1054 4223 1120 4281 et
1164 4215 1483 4299 colligent
1525 4225 1608 4283 en

918 4374 986 4435 et
1028 4367 1097 4433 in
1146 4367 1302 4451 igne
1348 4368 1614 4434 mittunt

918 4526 986 4585 et
1029 4519 1219 4588 ardet
1260 4520 1333 4586 Si
1381 4521 1669 4588 mansel-i

710 4526 858 4706 ἰοὲζῧ

711 4715 783 4756 mt

806 4713 887 4810 ²1¹2}
919 4672 1004 4738 tis
1049 4672 1118 4738 in
1165 4693 1269 4739 me
1314 4680 1381 4740 et
1418 4674 1622 4741 uerba

713 4777 786 4809 ml·

923 4827 1072 4875 mea
1112 4807 1182 4874 in
1223 4809 1413 4877 uobis

1825 656 1946 734 1011
1990 655 2042 722 O
2090 659 2170 724 15

2088 2532 2166 2597 10

2081 3764 2153 3827 11

2250 860 2615 927 manserint
2658 858 2832 943 quod

2250 1013 2392 1096 efiq'
2437 1011 2777 1080 nolueritis
2819 1011 2862 1075 fi

2253 1172 2319 1231 et
2362 1165 2550 1231 vobis
2596 1166 2673 1230 In
2719 1163 2845 1230 hee
2891 1164 3047 1249 [ella

2251 1319 2541 1385 rifieatus
2587 1323 2691 1384 est
2736 1338 2826 1401 pa

2248 1481 2349 1540 ter
2393 1492 2575 1538 meus
2618 1478 2692 1536 ut
2736 1470 2875 1536 fruc

2248 1628 2316 1692 τῇ
2365 1626 2652 1712 plurimfi
2698 1625 2893 1692 adfe-

2248 1780 2411 1846 ratis
2456 1786 2522 1847 et
2567 1775 2878 1846 efficiami

2248 1934 2319 1999 ni
2363 1933 2493 2000 mei
2540 1930 2849 2016 discipvli
2892 1929 2951 1994 si

2251 2094 2359 2153 ent
2404 2084 2640 2153 dilexit
2683 2104 2789 2150 me
2831 2103 2922 2168 pa

2251 2245 2350 2305 ter
2390 2246 2458 2306 et
2502 2259 2631 2323 ego
2671 2236 2877 2303 dilexi

2251 2411 2371 2458 uos
2416 2397 2680 2457 manete
2723 2389 2791 2453 in
2838 2389 2908 2454 di

2250 2544 2533 2610 lectione
2577 2563 2728 2609 mea
2770 2541 2828 2607 si

2248 2701 2565 2781 precepta
2608 2709 2768 2763 mea·
2801 2714 2910 2760 ser

2246 2847 2565 2915 naueritis
2607 2867 2802 2915 mane

2246 2999 2401 3067 bitis
2447 3000 2515 3066 in
2560 3000 2829 3068 dileetio

2247 3174 2331 3219 ne
2376 3174 2525 3220 mea
2568 3154 2739 3220 sieut
2782 3160 2848 3219 et

2249 3326 2375 3391 ego
2421 3307 2632 3392 patris
2677 3324 2936 3391 praeeep

2202 3493 2211 3502 ·
2249 3466 2319 3525 ta
2364 3459 2626 3526 sernaui
2670 3464 2738 3525 et
2780 3477 2974 3524 mane

2246 3632 2285 3675 ο
2331 3610 2399 3675 in
2446 3610 2585 3677 eius
2627 3610 2893 3678 dileetio

2243 3782 2328 3828 ne
2370 3761 2513 3829 haee
2551 3763 2803 3830 loeutus
2841 3771 2914 3829 sir

2243 3914 2431 3980 uobis
2475 3922 2548 3981 ut
2584 3897 2896 4000 gaudium

2116 4096 2127 4108 ·
2246 4086 2459 4133 meum
2508 4067 2575 4133 in
2618 4067 2810 4134 uobis
2855 4069 2943 4135 sit

2075 4376 2154 4443 12

2244 4225 2311 4284 et
2354 4219 2606 4304 gaudit]
2643 4221 2868 4288 uestrfi
2912 4221 3000 4286 im

2242 4372 2502 4456 pleatur
2544 4374 2686 4441 Hoc
2730 4382 2831 4442 est

2238 4529 2573 4612 praeeeptfi
2619 4539 2771 4596 men
2814 4536 2887 4594 ut

2238 4680 2539 4765 diligatis
2585 4679 2800 4747 inuiee
2846 4682 2904 4748 si

2241 4824 2350 4884 eut
2392 4817 2599 4886 dilexi
2639 4836 2759 4885 uos
