3634 5717
690 623 809 689 186

692 825 1001 908 conpleta
1044 845 1189 890 esse
1235 846 1378 908 quae
1423 834 1644 893 essent

691 978 774 1042 ab
820 977 970 1041 aliis
1019 977 1329 1044 inchoata
1373 979 1476 1044 cui
1520 978 1669 1043 ideo

694 1135 843 1212 post
885 1128 1216 1211 baptisma
1265 1124 1357 1194 fili
1402 1131 1470 1195 di
1515 1151 1557 1195 a
1603 1152 1717 1214 per

697 1279 978 1345 sectione
1024 1248 1472 1362 generationis

698 1431 763 1494 in
811 1442 941 1515 xpo
983 1408 1273 1515 inpletae
1320 1443 1585 1517 repeteu

700 1581 825 1648 dae
868 1606 907 1648 a
954 1536 1275 1668 principio
1321 1585 1600 1651 natiuita

703 1734 787 1797 tis
829 1735 1156 1803 humanae
1198 1743 1489 1819 potestas

707 1886 1027 1968 permissa
1073 1893 1174 1951 est
1212 1894 1279 1950 ut
1320 1888 1505 1969 requi

704 2038 934 2102 rentib’
980 2036 1455 2105 demonstraret

706 2191 771 2255 in
819 2211 943 2274 quo
990 2190 1513 2275 adpraehendens

704 2349 847 2408 erat
891 2343 1135 2409 nathan
1184 2343 1324 2407 filia
1375 2343 1567 2408 introi

704 2502 771 2559 tu
820 2496 1207 2561 recurrentis
1254 2516 1457 2578 «gene

703 2647 1015 2711 rationis»
1061 2648 1127 2712 in
1176 2647 1304 2712 dm.
1351 2649 1436 2713 ad
1486 2652 1682 2716 misso

707 2799 1170 2881 inseparabilis
1214 2798 1292 2864 ds
1338 2820 1471 2883 prae

704 2949 933 3014 dicans
979 2962 1131 3033 xpfn
1176 2952 1298 3015 sufi
1346 2950 1410 3015 in
1457 2952 1541 3015 ho

707 3101 928 3166 minib'
975 3102 1246 3185 perfecti
1294 3122 1456 3187 opus

705 3252 988 3318 hominis
1036 3254 1249 3320 redire
1291 3254 1357 3318 in
1405 3274 1476 3321 se

704 3406 965 3471 faceret¹
994 3427 1111 3491 per
1155 3407 1314 3472 filiu.
1361 3408 1471 3490 qui

704 3576 821 3641 per
865 3557 1064 3623 dauid
1114 3566 1298 3642 patre
1346 3559 1496 3625 ueni

700 3710 895 3774 entib'
941 3709 1065 3776 iter
1105 3711 1440 3794 praebebat

697 3859 1191 3946 interpraetabat
1234 3864 1300 3927 in
1347 3876 1478 3948 xpo

695 4013 802 4077 cui
847 4013 1035 4080 lucae
1093 4035 1222 4078 non
1269 4014 1572 4080 inmerito

2017 819 2621 888 etia'scribendorfi
2667 840 2709 885 a

2017 974 2355 1059 postulorfi
2402 974 2598 1038 actufi
2643 928 2728 1055 po

2018 1135 2224 1194 testas
2271 1127 2335 1190 in
2386 1124 2677 1191 misterio
2725 1124 2813 1190 da

2020 1287 2124 1344 tur
2168 1285 2238 1343 ut
2281 1277 2365 1343 do
2414 1278 2479 1342 in
2526 1276 2633 1342 din
2683 1277 2878 1360 pleno

2025 1439 2092 1496 et
2135 1431 2271 1495 filio
2319 1429 2711 1514 proditionis
2759 1450 2841 1494 ex

2011 1584 2230 1658 ,tincto
2279 1581 2574 1647 oratione
2624 1582 2705 1647 ab
2752 1603 2791 1647 a

2030 1735 2303 1820 postolis
2345 1736 2522 1800 facta
2564 1742 2740 1799 sorte

2029 1887 2143 1952 dni
2190 1886 2530 1953 electionis
2573 1906 2659 1951 nu

1943 2074 1952 2085 ·
2033 2059 2247 2104 merus
2295 2038 2712 2123 conpleretur

2028 2191 2185 2274 sicq'
2229 2190 2462 2274 paulus
2508 2192 2712 2256 consu

2030 2343 2318 2409 matione
2365 2343 2648 2427 apostoli

2029 2497 2123 2561 cis
2170 2495 2361 2561 actib’
2405 2494 2672 2560 daretur

2029 2648 2140 2713 diu
2193 2647 2651 2713 recalcitrante

2031 2799 2327 2865 stimulos
2375 2800 2498 2865 dfis
2544 2798 2754 2882 elegis

1915 3026 1920 3029 ,
2032 2959 2133 3018 set
2177 2950 2348 3035 quod
2395 2950 2707 3035 legentib’

2033 3125 2112 3169 ac
2156 3102 2634 3186 requirentibus

2031 3257 2086 3321 si
2137 3276 2252 3339 per
2297 3254 2562 3338 singula
2600 3273 2769 3337 expe

2030 3406 2158 3471 diri
2204 3429 2244 3473 a
2289 3406 2477 3473 nobis
2523 3404 2683 3470 utile
2728 3405 2834 3470 fue

2027 3571 2131 3626 rat
2174 3543 2390 3625 sciens
2429 3566 2648 3624 tamen

1935 3802 1940 3807 ι
2026 3712 2197 3795 quod
2244 3718 2558 3796 operante
2604 3708 2750 3792 agri

2023 3865 2170 3929 cola
2207 3870 2515 3948 oporteat
2554 3861 2636 3928 de

2022 4015 2273 4081 fructib'
2318 4014 2453 4080 suis
2500 4012 2698 4079 edere

822 4167 1174 4232 uitauimus
1243 4167 1504 4249 publica
1569 4166 1945 4231 curiositate
2016 4186 2097 4230 ne
2166 4186 2293 4229 non
2363 4170 2431 4230 ta
2500 4163 2808 4230 uolentib'
2879 4162 2984 4227 drn

819 4318 1125 4385 deremur
1168 4329 1296 4401 qua
1340 4317 1765 4385 fastidientib'
1809 4317 2201 4402 prodidisse.

3056 4164 3122 4227 ui
