3634 5717
710 623 841 689 280
1813 622 2128 691 Loc22

919 825 1331 891 sacerdotum
1377 830 1444 892 et
1488 824 1702 908 magis

919 974 1134 1042 tratib’
1179 973 1596 1059 queadmodfi
1641 974 1686 1040 il

792 1128 836 1195 5
923 1126 992 1191 lu
1039 1125 1331 1192 traderet
1372 1126 1471 1194 eis
1516 1133 1583 1193 et
1625 1126 1782 1213 gani

920 1278 980 1344 si
1023 1284 1177 1344 sunt
1220 1285 1286 1345 et
1329 1279 1506 1362 pacti
1549 1284 1704 1344 sunt

796 1437 838 1501 6
925 1429 1271 1513 pecuniam
1316 1428 1415 1495 illi
1460 1429 1620 1498 dare
1665 1437 1734 1499 et

921 1579 1282 1665 spopondit
1325 1587 1393 1647 et
1434 1601 1650 1666 quaere

921 1732 1039 1798 bat
1083 1731 1523 1816 oportunitate
1567 1742 1640 1801 nt

924 1882 1217 1950 traderet
1260 1882 1381 1949 illu
1424 1885 1569 1953 sine
1614 1893 1717 1953 tur

800 2028 837 2091 7
923 2035 1013 2100 ba
1052 2034 1235 2102 uenit
1278 2043 1428 2104 aute
1474 2038 1618 2105 dies
1663 2057 1786 2123 azy

925 2197 1112 2251 motu
1157 2185 1223 2252 in
1270 2207 1402 2271 qua
1444 2208 1716 2257 necesse

926 2344 1068 2404 erat
1111 2336 1411 2434 occidere
1454 2340 1706 2424 pascha

797 2494 838 2560 8
923 2495 992 2556 et
1034 2489 1215 2556 misit
1260 2492 1450 2576 petru
1495 2500 1562 2560 et
1602 2493 1803 2561 iohan

925 2648 1010 2708 ne
1056 2641 1281 2709 dicens
1326 2650 1557 2711 euntes
1598 2663 1765 2728 para
1886 2646 1895 2654 ”

927 2798 991 2858 te
1035 2792 1225 2860 nobis
1269 2794 1521 2879 pascha
1560 2802 1632 2862 nt
1674 2816 1829 2863 man

799 2950 840 3014 9
927 2941 1237 3010 ducemus
1281 2945 1369 3011 At
1409 2945 1509 3012 illi
1553 2944 1770 3014 dixeit

767 3102 840 3168 ιο
926 3094 1036 3160 ubi
1079 3094 1182 3160 nis
1226 3115 1531 3180 paremus
1575 3098 1659 3164 Et
1702 3097 1815 3164 dix

923 3244 976 3311 it
1021 3244 1108 3312 ad
1154 3266 1267 3314 eos
1313 3266 1466 3315 ecce
1511 3249 1724 3317 inti-oe
1796 3249 1800 3253 ’

920 3397 1123 3464 untib’
1166 3400 1355 3467 nobis
1397 3399 1466 3465 in
1513 3399 1718 3468 ciuita

922 3556 987 3616 te
1032 3557 1326 3619 occurret
1367 3512 1557 3619 uobis
1601 3553 1686 3620 ho

923 3721 1027 3767 mo
1073 3702 1393 3788 amphora
1436 3723 1648 3788 aquae
1690 3725 1810 3790 por

919 3861 1067 3919 tans
1112 3852 1463 3939 sequimini
1508 3865 1592 3922 eu
1637 3855 1705 3921 in
1750 3854 1837 3922 do

759 4001 832 4064 11
923 4024 1096 4071 mum
1142 4004 1212 4071 in
1256 4025 1387 4089 qua
1428 4005 1631 4072 intrat
1674 4012 1741 4073 et
1785 4004 1855 4071 di

923 4156 1085 4222 cetis
1131 4156 1304 4242 patri
1351 4155 1637 4224 familias
1683 4158 1767 4224 do

922 4326 1063 4372 mus
1107 4305 1270 4373 dicit
1313 4305 1430 4372 tibi
1481 4307 1797 4394 magister

918 4457 1031 4524 nbi
1076 4463 1177 4524 est
1212 4456 1580 4524 diuersorifi
1625 4461 1736 4527 ubi
1782 4480 1903 4546 pas

1224 4608 1351 4677 cha
1386 4628 1530 4675 cum

2102 812 2107 817 ’
2245 823 2587 909 discipulis
2633 823 2798 890 meis
2843 844 2994 891 man

2079 981 2159 1045 12

2081 1421 2159 1489 13

2084 1882 2163 1947 14

2079 2340 2159 2406 15

2084 2950 2163 3016 16

2042 3036 2191 3081 10265

2245 974 2431 1042 duce.
2478 981 2545 1041 et
2591 973 2734 1060 ipse
2778 972 2967 1041 uobis

2247 1124 2537 1194 ostendit
2579 1126 2916 1193 caenacuhi

2246 1297 2558 1362 magnum
2603 1284 2882 1345 stratum
2917 1284 2986 1346 et

2246 1429 2339 1497 ibi
2378 1436 2613 1515 parate
2657 1434 2887 1497 euntes
2932 1449 3016 1496 au

2246 1587 2312 1648 te
2358 1579 2750 1648 inuenerunt
2789 1579 2960 1648 sicut

2248 1733 2421 1801 dixit
2461 1731 2596 1799 illis
2638 1739 2705 1799 et
2747 1752 2994 1817 parauc

2247 1891 2399 1952 runt
2439 1883 2690 1969 pascha
2731 1891 2800 1952 et
2842 1885 2923 1951 cti
2968 1884 3075 1951 fac

2250 2043 2320 2104 ta
2365 2043 2540 2104 esset
2584 2034 2747 2103 hora
2789 2034 3064 2103 discnbu

2248 2188 2301 2254 it
2343 2186 2623 2255 duodeci
2668 2194 2900 2272 aposto

2246 2338 2295 2404 li
2341 2358 2486 2404 cnm
2529 2358 2608 2405 eo
2643 2338 2738 2405 Et
2782 2338 2878 2405 ait
2920 2338 3056 2406 illis
3094 2326 3103 2334 ’

2249 2487 2580 2557 desiderio
2626 2488 2935 2558 desidera

2246 2628 2484 2710 ui‘hoc
2527 2641 2779 2726 pascha
2821 2641 3064 2709 mandv

2249 2814 2403 2861 care
2447 2793 2636 2861 uobis
2681 2796 2762 2861 cu
2808 2800 2963 2861 aute

2250 2965 2443 3030 quam
2488 2946 2708 3030 patiar
2750 2946 2917 3013 Dico
2962 2965 2999 3012 e

2042 3088 2213 3183 m2²233
2247 3098 2381 3164 nim
2424 3097 2613 3166 nobis
2659 3098 2815 3182 quia
2856 3117 2939 3165 ex
2986 3097 3112 3166 hoc

2041 3202 2114 3235 mr
2137 3189 2215 3233 166

2081 3547 2155 3613 17

2078 4158 2156 4223 18

2246 3270 2377 3316 non
2427 3248 2835 3317 manducabo
2882 3249 2927 3315 il

2244 3398 2358 3467 lud
2403 3398 2615 3468 donec
2659 3401 3009 3487 impleatur

2246 3553 2313 3619 in
2360 3573 2566 3639 regno
2610 3552 2680 3619 di
2727 3560 2793 3620 et
2837 3573 3036 3639 accep

2245 3713 2311 3771 to
2357 3704 2563 3771 calice
2606 3704 2858 3790 gratias
2903 3704 3042 3791 egit

2244 3863 2311 3923 et
2353 3855 2524 3923 dixit
2568 3856 2851 3942 accipite
2890 3862 2957 3923 et

2247 4007 2526 4076 diuidite
2571 4007 2744 4074 inter
2784 4027 2900 4074 nos

2245 4158 2394 4227 dico
2439 4172 2547 4226 eni
2592 4160 2780 4226 nobis
2820 4159 2992 4244 quod

2242 4332 2371 4377 non
2418 4311 2570 4377 biba
2610 4310 2693 4380 de
2738 4330 2979 4398 genera

2242 4461 2422 4530 tione
2464 4462 2620 4530 uitis
2666 4461 2874 4530 donec

2545 4615 2757 4700 regnu
