3634 5717
387 660 506 727 Fol
547 651 633 725 46

418 1172 503 1236 36

413 1776 494 1840 37

417 2399 501 2465 38

417 3316 501 3381 39

413 4370 495 4434 41

590 861 791 927 alium
834 882 990 928 uero
1035 861 1262 929 occide

589 1019 740 1078 runt
783 1013 920 1079 alifi
966 1034 1120 1081 uero
1165 1015 1302 1100 lapi

588 1167 910 1233 dauerunt
953 1167 1122 1234 iterfi
1167 1167 1257 1233 mi

587 1319 675 1385 sit
715 1318 883 1385 alios
928 1338 1153 1385 seruos

588 1471 810 1556 plures
855 1462 1118 1554 priorib’
1164 1478 1231 1537 et

590 1625 884 1690 fecerunt
926 1622 1024 1689 eis
1069 1621 1220 1688 simi

582 1775 734 1842 liter
777 1774 1135 1842 nouissime
1174 1793 1256 1840 av

589 1935 654 1995 te
699 1927 880 1993 misit
923 1925 1009 1991 ad
1053 1945 1167 1993 eos
1212 1927 1309 1992 fili

585 2100 695 2147 um
739 2081 861 2146 suti
906 2077 1134 2146 dicens
1179 2099 1259 2145 ue

587 2233 898 2299 rebantur
940 2230 1082 2295 filia
1128 2250 1231 2296 me

587 2405 695 2451 um
739 2385 1049 2470 agricolae
1094 2390 1244 2449 aute

584 2536 885 2605 uidentes
929 2536 1071 2601 filifi
1104 2534 1219 2601 dix

587 2639 776 2758 erunt
816 2689 991 2756 intra
1032 2709 1105 2755 se
1148 2689 1259 2755 hic

587 2848 688 2909 est
730 2841 920 2908 heres
965 2840 1184 2908 uenite

586 2992 959 3060 occidamus
1003 2994 1087 3060 eii
1132 3000 1199 3060 et

587 3146 970 3213 habebimus
1014 3147 1173 3214 here

589 3298 794 3366 ditate
841 3299 981 3365 eius
1024 3304 1092 3365 et
1132 3298 1216 3365 ad

588 3452 935 3538 praehensfl
981 3471 1127 3520 eum
1171 3473 1208 3519 e

588 3605 882 3671 iecerunt
925 3609 1113 3671 extra

588 3729 868 3824 uincamv
894 3761 961 3823 et
1003 3754 1231 3822 occide

585 3916 735 3976 runt
778 3919 859 3975 οὐ
905 3928 1063 3992 ergo
1107 3927 1277 3974 uene

586 4060 673 4127 rit
715 4059 840 4126 diis
885 4060 1097 4128 uineae
1142 4058 1299 4144 quid

588 4212 789 4279 faciet
831 4211 1141 4297 agricolis
1184 4211 1230 4276 il

584 4364 668 4430 lis
713 4363 940 4430 dicunt
980 4363 1081 4429 illi
1123 4362 1333 4429 malos

590 4516 764 4584 male
810 4516 1042 4601 perdet
1085 4521 1151 4582 et

1510 662 1823 730 Mt021

1784 880 1798 891 ·
1913 867 2175 933 niueam
2221 866 2465 933 locauit
2508 866 2659 933 aliis

1735 1317 1820 1380 42

1735 2687 1820 2752 43

1736 4064 1823 4129 45

1702 4148 1873 4243 mt1221

1914 1019 2224 1104 agricolis
2272 1018 2383 1102 qui
2427 1017 2708 1085 reddant

1910 1171 1975 1240 ei
2018 1171 2230 1237 fructui
2273 1170 2553 1256 tempori

1907 1324 1965 1389 b'
2009 1322 2165 1389 suis.
2212 1321 2374 1388 dicit
2416 1322 2549 1388 illis
2588 1321 2692 1387 ihs

1909 1485 2195 1557 numqua
2237 1472 2494 1557 legistis
2541 1472 2607 1537 in

1908 1625 2248 1711 scripturis
2293 1624 2518 1709 lapide

1908 1798 2099 1862 qvem
2143 1776 2507 1862 reprobaue

1907 1937 2057 1997 runt
2101 1929 2504 1996 aedificantes

1906 2084 2017 2149 hic
2060 2085 2272 2150 factus
2319 2086 2419 2148 est
2464 2079 2531 2144 in
2578 2100 2657 2145 ca

1907 2240 2026 2321 put
2069 2232 2296 2318 anguli
2344 2254 2386 2298 a
2430 2230 2561 2297 dfio
2607 2232 2714 2298 fac

1905 2389 1977 2452 tfi
2024 2392 2124 2453 est
2166 2384 2341 2451 istud
2387 2390 2454 2449 et
2495 2388 2596 2450 est

1909 2537 2207 2606 mirabile
2252 2536 2321 2602 in
2369 2534 2574 2600 oculis

1907 2690 2149 2761 nostris
2193 2688 2346 2756 ideo
2392 2685 2538 2752 dico
2584 2705 2668 2751 uo

1905 2847 2007 2914 bis
2052 2844 2208 2929 quia
2250 2839 2578 2909 auferetur

1909 3022 1951 3067 a
1992 2996 2180 3063 vobis
2223 3011 2499 3077 regnum
2545 2987 2612 3053 di

1908 3156 1973 3218 et
2018 3147 2279 3215 dabitur
2323 3140 2508 3228 genti
2551 3140 2620 3205 fa

1908 3299 2108 3368 cienti
2151 3298 2419 3364 stvctum
2465 3292 2604 3359 eius

1909 3460 1977 3520 et
2020 3450 2132 3535 qui
2176 3445 2488 3515 ceciderit
2530 3458 2713 3527 sup‘r

1911 3601 2136 3687 lapide
2181 3568 2377 3665 istum
2424 3594 2677 3663 confrin

1910 3761 2100 3841 getur
2142 3770 2339 3836 super
2384 3755 2508 3833 que
2554 3767 2635 3813 ue

1909 3927 1981 3974 ro
2025 3902 2338 3974 ceciderit
2380 3907 2571 3968 conte

1909 4066 2008 4128 ret
2053 4079 2198 4126 eum
2242 4055 2603 4123 Audientes

1701 4264 1774 4297 mr
1797 4252 1877 4295 122
1908 4220 2059 4282 aute
2105 4211 2437 4299 principes
2482 4231 2669 4279 sacer

1700 4304 1851 4347 10239

1703 4355 1827 4398 i085

1703 4405 1827 4450 etr!

1904 4366 2128 4432 dotum
2174 4372 2240 4432 et
2284 4362 2596 4449 pharisaei

1909 4517 2260 4603 parabolas
2298 4516 2438 4582 eius
2479 4536 2604 4600 cog

2206 4672 2527 4734 nouerant

2845 667 2925 732 87
