3634 5717
277 628 292 646 ’
332 663 445 728 Fol
499 664 575 729 12
1343 661 1672 729 Matheum
1719 661 1769 725 C
1815 663 1856 726 2

497 871 625 950 xps
669 873 1049 932 nasceretur
1638 873 1660 896 ·
1693 863 1734 928 9
1824 860 1935 946 qni
1980 872 2062 928 en
2107 811 2449 930 audissent

371 1019 412 1082 5
500 1023 570 1083 at
614 1016 713 1082 illi
755 1016 1064 1083 dixerunt
1107 1016 1169 1082 ei
1216 1017 1282 1081 in
1823 1024 1982 1099 rege
2029 1015 2331 1084 abierunt
2374 1024 2440 1084 et

501 1167 827 1234 bethleem
873 1168 1031 1235 inda
1071 1167 1169 1234 sie
1829 1186 1979 1233 eeee
2023 1169 2221 1236 stella
2263 1189 2456 1253 qnam

502 1321 679 1388 enim
724 1320 976 1404 seriptfi
1028 1326 1129 1386 est
1828 1318 2133 1387 uiderant
2175 1320 2243 1386 in
2291 1320 2472 1387 orien

505 1494 626 1559 per
669 1472 1058 1559 prophetam
1828 1479 1893 1539 te
1937 1473 2376 1540 anteeedebat

385 1629 427 1693 6
515 1634 579 1693 et
622 1583 691 1693 tn
737 1625 1063 1692 bethleem
1108 1632 1208 1691 ter
1829 1644 1942 1691 eos
1986 1626 2167 1711 usqn'
2212 1625 2300 1692 dfi
2348 1627 2500 1693 ueni

507 1799 583 1844 ra
625 1777 784 1845 iuda
829 1782 1173 1861 nequaqna
1828 1796 1944 1842 ens
1987 1784 2195 1845 staret
2238 1798 2441 1865 supra

509 1929 783 1997 minima
823 1950 896 1998 es
942 1930 1113 1997 inter
1664 1930 1743 1995 10
1830 1929 1941 1996 uhi
1987 1937 2132 2006 erat
2174 1951 2336 2016 puer
2375 1930 2442 1997 vi

508 2082 853 2167 principib’
896 2081 1055 2149 iuda
1099 2101 1182 2147 ex
1832 2080 2065 2149 dentes
2112 2089 2330 2150 autem
2374 2082 2498 2149 stel

508 2242 575 2300 te
617 2233 793 2300 enim
841 2232 1020 2299 exiet
1065 2232 1199 2297 dux
1833 2232 1965 2299 lam
2011 2234 2230 2317 ganisi
2273 2240 2427 2301 sunt
2471 2254 2602 2317 gau

513 2384 621 2467 qui
665 2389 862 2468 regat
907 2384 1155 2468 popnln
1837 2383 1947 2450 dio
1993 2404 2235 2469 magno
2274 2382 2473 2451 ualde

515 2536 664 2603 mefi
709 2534 953 2602 israhel
1672 2539 1742 2602 ll
1839 2542 1905 2602 et
1950 2536 2273 2606 intrantes
2319 2535 2513 2602 dom?

188 2793 209 2838 L
344 2689 459 2819 333
516 2689 703 2754 Tune
747 2686 1025 2752 herodes
1065 2685 1171 2751 ela
1712 2691 1723 2702 “
1835 2649 2235 2797 inuenerunt
2273 2686 2483 2772 puerfi

344 2826 464 2921 “¹30⁶
497 2840 750 2907 noeatis
795 2838 1009 2924 magis
1054 2836 1124 2904 di
1833 2841 1913 2907 eii
1961 2840 2174 2907 maria
2217 2847 2427 2924 matre
2468 2858 2590 2904 sua

391 2930 459 2973 ⁸⁰¹
498 2996 784 3081 lig-enter
827 2989 1063 3058 didicit
1107 2990 1190 3057 ab
1598 2989 1613 3002 ‘
1834 3000 1900 3059 et
1945 2990 2377 3078 procedentes

513 3148 609 3215 eis
654 3153 914 3230 tempus
958 3143 1082 3210 stel
1830 3143 2273 3211 adorauerunt
2317 3143 2400 3209 θῇ

510 3299 618 3366 lae
664 3317 832 3383 quae
875 3294 1185 3382 apparuit
1834 3302 1901 3362 et
1944 3249 2192 3381 apertis
2236 3293 2564 3364 thesauris

388 3461 426 3514 8
516 3451 613 3518 eis
659 3457 725 3517 et
769 3448 949 3516 misit
992 3448 1143 3513 illos
1834 3448 1971 3513 suis
2015 3446 2388 3513 obtulerunt
2431 3445 2494 3511 ei

517 3603 613 3670 in·
632 3599 961 3670 bethleem
1005 3599 1231 3665 dicens
1836 3619 2109 3665 munera
2151 3598 2312 3665 aurii
2359 3596 2510 3663 thus

518 3756 609 3822 ite
653 3762 719 3820 et
763 3753 1102 3836 interroga
1674 3752 1750 3816 12
1840 3756 1908 3816 et
1950 3753 2172 3836 myrti
2215 3755 2283 3815 et
2324 3767 2565 3833 respon

518 3916 584 3974 te
628 3906 984 3991 diligenter
1029 3904 1113 3970 de
1840 3921 1914 3967 so
1954 3908 2227 3987 accepto
2273 3902 2341 3967 in
2388 3920 2528 3966 som

522 4080 723 4146 puero
768 4065 835 4125 et
870 4077 1013 4123 enm
1055 4056 1123 4122 in
1839 4054 1945 4120 nis
1988 4073 2073 4119 ne
2118 4054 2410 4122 redirent
2454 4051 2541 4117 ad

521 4212 833 4279 veneritis
879 4211 960 4278 οὖ
1008 4228 1213 4275 rennn
1840 4205 2086 4272 herode
2131 4204 2250 4273 sed
2293 4225 2410 4289 per
2453 4224 2496 4270 a

524 4365 686 4431 tiate
728 4363 889 4430 mihi
925 4371 995 4429 ut
1040 4369 1107 4428 et
1150 4379 1188 4425 e
1841 4359 1934 4440 lja
1976 4359 2153 4425 uiam
2200 4355 2443 4422 reversi
2490 4360 2555 4420 st

526 4538 611 4600 go
655 4516 929 4582 veniens
976 4514 1175 4580 adore
1845 4512 1909 4576 in
1956 4522 2076 4576 sne
2120 4509 2454 4593 regionem

830 4685 911 4734 en

2721 670 2871 738 ,19
