3634 5717
318 695 439 762 Fol
489 697 521 759 1

2811 699 2857 762 -1

397 882 441 961 †
486 876 687 946 Orate
731 878 898 965 pm]
943 874 1374 944 oeolheardvf
1418 874 1633 942 nic-,las
1682 857 2012 958 70⁸1th
2065 874 2423 956 wulfhelm
2465 877 2740 946 aurifex.

315 1048 525 1132 Incip.
569 1045 719 1132 epis
759 1046 1016 1114 hieron.
1061 1043 1149 1112 ad
1194 1064 1375 1131 papa
1418 1043 1693 1152 damaso
1738 1045 1947 1134 Beato
1994 1044 2194 1114 dama
2235 1044 2466 1114 hieron
2510 1046 2580 1115 in
2624 1059 2758 1134 xpo

1243 1298 1630 1375 NOUVM
1699 1297 1964 1375 opvs
2037 1402 2046 1412 ²

490 1467 711 1534 facere
754 1487 859 1533 me
897 1486 974 1534 co

492 1567 598 1654 gis
641 1564 725 1635 ex'
768 1566 978 1636 ueteri

493 1676 567 1737 ut
608 1676 762 1755 post
804 1689 992 1738 exem

493 1770 710 1858 plaria
751 1770 1001 1857 scriptu

324 1894 543 1941 rarum
586 1879 724 1940 toto
772 1872 929 1939 orbe
972 1871 1278 1957 dispersa

325 1975 516 2062 quasi
559 1974 827 2060 quidam
869 1974 1114 2041 arbiter
1157 1971 1427 2039 sedeam

325 2085 393 2145 et
436 2076 593 2162 quia
635 2077 807 2145 inter
849 2096 923 2144 se
966 2075 1231 2142 uariant
1274 2092 1442 2157 quae

322 2179 462 2246 sint
505 2178 625 2245 illa
669 2198 813 2263 quae
858 2196 1004 2244 cum
1052 2195 1251 2261 greca
1293 2194 1415 2240 con

326 2280 622 2347 sentiant
663 2279 944 2348 ueritate
986 2275 1338 2342 decernam

327 2381 481 2467 pius
526 2379 716 2446 labor
760 2378 879 2445 sed
922 2375 1297 2462 periculosa
1339 2394 1476 2461 prae

330 2480 574 2548 sumtio
619 2479 912 2546 iudicare
957 2477 1042 2545 de
1087 2475 1325 2545 ceteris

332 2581 555 2668 ipsum
597 2580 682 2648 ab
727 2578 1028 2646 omuibus
1070 2576 1494 2644 iudicandum

334 2682 516 2750 senis
558 2688 811 2749 mutare
855 2681 1087 2766 lingua
1126 2686 1194 2746 et
1236 2678 1384 2744 cani

334 2791 626 2853 scentem
671 2780 983 2848 mundum
1026 2781 1115 2848 ad
1160 2778 1355 2847 initia

333 2886 670 2954 retrahere
709 2883 1131 2971 paruulorum
1176 2881 1322 2967 quis

335 2988 512 3056 enim
555 2986 786 3054 doctus
825 2984 1075 3071 pariter
1115 2984 1222 3051 uel
1260 2983 1329 3050 in

290 3111 296 3117 ·
335 3090 569 3157 doctus
609 3108 757 3155 cum
798 3087 869 3153 in
912 3105 1145 3155 manus
1190 3085 1381 3151 nolu*

334 3210 486 3258 meu
529 3187 973 3276 adsumpserit
1011 3194 1078 3255 et
1120 3209 1163 3255 a
1204 3185 1422 3254 saliba

332 3313 533 3377 quam
575 3291 781 3359 semel
825 3289 1065 3357 inb’ibit
1107 3288 1352 3356 uiderit
1394 3285 1498 3353 dis

336 3414 612 3480 crepare
647 3391 820 3478 quod
865 3390 1123 3459 lectitat
1163 3411 1297 3457 non
1341 3396 1447 3455 sta

336 3495 455 3561 tim
499 3501 803 3581 erumpat
844 3492 914 3559 in
955 3512 1184 3558 uocem
1224 3511 1329 3557 me
1371 3490 1463 3557 fal

208 3663 215 3668 .
337 3596 583 3663 sarium
629 3616 735 3663 me
779 3595 1073 3661 clamans
1122 3612 1268 3659 esse
1321 3589 1561 3658 sacrile

339 3718 497 3784 gum
541 3696 699 3781 quia
742 3694 1023 3762 audeam
1068 3693 1321 3778 aliquid
1365 3692 1561 3758 in‘ue

339 3799 586 3867 teribus
629 3797 817 3865 libris
861 3794 1108 3863 addere
1153 3801 1406 3862 mutare

342 3901 673 3986 corrigere
715 3899 1063 3966 aduersum
1110 3918 1305 3983 quam
1351 3896 1418 3962 in

341 4001 589 4069 uidiam
635 4000 882 4087 duplex
925 4019 1128 4066 causa
1168 4020 1273 4066 me
1317 4020 1439 4066 con

343 4103 593 4170 solatur
637 4100 811 4186 quod
858 4107 924 4168 et
967 4107 1039 4167 tu
1084 4100 1193 4185 qui
1237 4118 1524 4167 summus

343 4203 654 4272 sacerdos
698 4222 770 4271 es
816 4201 960 4270 fieri
1006 4201 1191 4268 iubes
1238 4208 1304 4268 et
1343 4222 1426 4267 ue

344 4327 487 4373 rum
531 4312 575 4371 n
619 4324 767 4372 esse
810 4301 985 4388 quod
1028 4303 1246 4370 uariat
1288 4302 1487 4370 etiam

344 4407 814 4476 maledicorum
859 4404 1239 4472 testimonio
1284 4424 1406 4470 con

347 4510 661 4596 probatur
703 4506 761 4573 si
807 4506 982 4572 enim
1027 4506 1252 4574 latinis
1298 4525 1485 4572 exem

347 4610 644 4696 plaribns
687 4606 855 4674 fides
900 4613 1000 4673 est
1044 4605 1423 4673 adhibenda

454 4877 611 4923 Codex
636 4891 816 4923 annun.

2787 1153 2868 1202 sa

2796 1219 2866 1285 lu

2798 1309 2867 1370 te

2800 1408 2865 1455 m

1642 1467 2093 1552 respondeant
2133 1464 2309 1552 quib'
2349 1472 2448 1533 tot
2489 1475 2643 1535 sunt

1642 1567 2057 1654 exemplaria
2097 1588 2269 1654 pene
2315 1575 2476 1653 quot
2518 1570 2781 1641 codices

1643 1667 1747 1734 siu
1798 1675 2020 1737 autem
2062 1669 2310 1737 ueritas
2356 1677 2459 1738 est
2500 1692 2745 1758 queren

1647 1768 1736 1837 da
1773 1768 1860 1836 de
1902 1771 2198 1856 pluribus
2244 1791 2408 1856 quur
2447 1794 2578 1840 non
2625 1775 2712 1842 ad
2749 1795 2870 1861 gre

1648 1872 1869 1957 gam[1]
1916 1871 2241 1957 originem
2282 1881 2688 1945 reuertentes
2733 1899 2815 1947 ea

1649 1992 1818 2057 quae
1863 1972 1969 2039 uel
2014 1994 2057 2041 a
2099 1974 2359 2042 uitiosis
2403 1976 2767 2064 interpraeti

1650 2074 1771 2140 bus
1816 2073 1991 2141 male
2035 2076 2219 2143 edita
2260 2078 2367 2144 uel
2415 2100 2457 2145 a
2500 2099 2828 2167 praesump

1652 2174 1902 2242 toribus
1947 2175 2272 2262 imperitis
2318 2179 2671 2249 emendata

1654 2277 2029 2361 peruersius
2080 2278 2187 2345 uel
2246 2300 2288 2345 a
2328 2279 2617 2350 librariis
2662 2281 2875 2348 dormi

1656 2376 1949 2443 tantibus
1990 2384 2104 2443 aut
2147 2377 2380 2446 addita
2417 2387 2570 2446 sunt
2613 2389 2727 2448 aut

1658 2484 1912 2545 mutata
1953 2479 2343 2564 corrigimus
2387 2501 2599 2567 neque
2641 2502 2799 2550 uero

1660 2598 1785 2663 ego
1831 2578 1916 2646 de
1960 2579 2168 2648 ueteri
2214 2579 2479 2668 disputo
2525 2589 2700 2650 testa

1658 2686 1878 2746 mento
1923 2681 2099 2765 quod
2137 2702 2180 2748 a
2222 2684 2648 2769 septuaginta

1657 2781 2027 2849 senioribus
2072 2781 2140 2849 in
2186 2803 2452 2868 grecam
2496 2785 2789 2872 linguam

1656 2903 1919 2951 uersum
1962 2885 2157 2951 tertio
2202 2886 2415 2970 gradu
2454 2887 2543 2955 ad
2587 2908 2707 2955 nos

1657 3004 1863 3069 usque
1907 2987 2212 3072 peruenit
2254 3008 2386 3055 nou
2433 3010 2675 3074 quaero

1657 3086 1816 3171 quid
1857 3087 2082 3172 aquila
2123 3088 2282 3174 quid
2324 3091 2742 3175 symmachus

1657 3188 1927 3273 sapiant
1970 3209 2171 3272 quare
2213 3189 2595 3259 theodotion

1658 3288 1833 3355 inter
1876 3308 2082 3357 nouos
2126 3297 2194 3356 et
2236 3299 2494 3359 ueteres
2539 3294 2714 3361 medi

1659 3409 1735 3457 us
1780 3389 2047 3457 incedat
2089 3393 2178 3458 sit
2221 3391 2340 3459 illa
2382 3412 2543 3461 uera
2584 3394 2757 3463 inter

1661 3491 1965 3576 praetatio
2010 3513 2204 3576 quam
2251 3495 2538 3580 apostoli
2582 3517 2701 3583 pro

1662 3593 1986 3660 bauerunt
2030 3593 2112 3659 de
2157 3614 2329 3661 nouo
2374 3617 2547 3663 nunc
2589 3597 2820 3682 loquor

1664 3699 2058 3761 testamento
2104 3693 2279 3779 quod
2323 3716 2587 3781 grecum

1664 3814 1811 3862 esse
1857 3815 1988 3861 non
2035 3795 2302 3863 dubium
2347 3804 2448 3864 est
2492 3808 2769 3885 excepto

1663 3897 1968 3982 apostolo
2014 3898 2274 3966 matheo
2320 3900 2429 3984 qui
2474 3901 2722 3985 primus

1665 3998 1733 4063 in
1779 3997 1980 4065 iudea
2022 4000 2440 4086 evangelium
2472 4013 2587 4086 xpi
2624 4003 2886 4071 haebrae

1666 4099 1788 4166 icis
1834 4099 2073 4167 litteris
2121 4102 2330 4169 edidit
2372 4103 2498 4169 hoc
2540 4110 2717 4170 certe

1669 4221 1814 4269 cum
1854 4203 1925 4269 in
1970 4211 2193 4269 nostro
2239 4224 2539 4272 sermone
2585 4205 2690 4271 dis

1669 4303 1901 4371 cordat
1944 4311 2011 4372 et
2054 4306 2350 4373 diuersos
2397 4305 2687 4373 riuulorfi

1668 4405 1968 4473 tramites
2010 4405 2191 4473 ducit
2233 4428 2362 4474 uno
2407 4408 2490 4475 de
2535 4408 2646 4474 fon

1670 4512 1736 4572 te
1781 4508 2168 4591 quaerendus
2217 4514 2318 4574 est
2364 4515 2602 4592 praeter

1672 4607 1861 4675 mitto
1906 4629 2018 4675 eos
2065 4608 2325 4676 codices
2365 4627 2526 4691 quos
2571 4629 2613 4672 a
2655 4606 2785 4673 luci

2679 4726 2807 4774 ano

2525 4858 2557 4911 1
