3634 5717
552 346 586 367 ⁴

394 615 515 682 Fol
565 617 686 682 106

400 818 474 882 17
563 822 630 883 et
674 814 953 882 traditus
999 821 1099 882 est
1142 815 1240 880 illi
1285 816 1453 882 liber

561 969 785 1036 esaiae
831 973 1193 1052 prophetae
1239 973 1305 1033 et

560 1126 632 1187 ut
675 1119 954 1186 reuoluit
994 1118 1229 1185 librum
1275 1118 1341 1182 in

559 1270 744 1338 uenit
786 1270 1000 1338 locum
1041 1270 1153 1337 ubi
1197 1271 1372 1355 scrip

396 1424 474 1488 18
560 1428 696 1489 tum
743 1428 887 1489 erat
929 1427 1044 1506 sps
1091 1420 1206 1488 (1ῇί
1253 1422 1394 1507 sup'

561 1592 664 1639 me
707 1579 977 1658 propter
1018 1572 1191 1656 quod
1236 1592 1362 1639 unc

550 1723 659 1788 ¹xit
700 1744 805 1790 me
846 1672 1305 1809 euangelizare

395 1879 474 1942 19
560 1874 897 1962 pauperib'
940 1874 1121 1942 misit
1164 1894 1268 1941 me
1313 1893 1449 1959 prae

559 2027 781 2094 dicare
825 2026 1108 2112 captiuis
1153 2027 1350 2093 remis

492 2186 505 2197 ‘
558 2178 807 2244 sionem
858 2182 925 2243 et
961 2177 1134 2245 cecis
1180 2178 1329 2244 uisfi

559 2328 890 2395 dimittere
934 2329 1201 2396 confrac

559 2488 662 2547 tos
701 2480 770 2545 in
815 2445 1263 2546 remissionem

558 2631 943 2718 praedicare
989 2650 1228 2698 annum
1272 2629 1390 2696 dfii

558 2789 897 2867 acceptum
944 2788 1010 2849 et
1053 2780 1228 2849 diem
1274 2801 1346 2848 re

385 2935 472 2999 20
554 2933 950 3000 tributionis.
993 2933 1078 2998 Et
1121 2926 1266 2999 cum

554 3084 896 3169 plicuisset
937 3083 1173 3150 librum
1220 3082 1337 3150 red

555 3234 727 3302 didit
768 3235 1068 3302 ministro
1115 3241 1182 3302 et
1224 3253 1297 3301 se

555 3386 653 3453 dit
691 3392 758 3453 et
801 3387 1087 3454 omnium
1133 3386 1203 3452 in
1247 3404 1328 3470 sy

556 3557 825 3622 nagoga
867 3537 1039 3604 oculi
1081 3543 1271 3604 erant

558 3688 974 3756 intendentes
1019 3689 1088 3754 in
1134 3709 1285 3755 eum

391 3842 465 3907 21
560 3840 779 3925 coepit
824 3845 1040 3906 autem
1084 3839 1308 3906 dicere

560 3988 646 4055 ad
686 3990 837 4056 illos
884 3990 1039 4074 quia
1083 3990 1282 4058 hodie
1328 3991 1394 4054 in

559 4139 742 4224 pieta
777 4147 880 4207 est
922 4142 1088 4209 haec
1131 4141 1306 4224 scrip

496 4765 651 4813 Codex
680 4778 865 4811 aureus.

1532 615 1798 681 LcO4

1915 822 2064 883 tura
2105 819 2171 883 in
2212 818 2415 885 anrib'
2460 820 2694 888 uestris

1745 969 1831 1035 22
1916 968 2000 1033 Et
2043 988 2268 1036 omnes
2312 970 2648 1038 testimoni

1710 1056 1755 1098 lc
1779 1054 1834 1098 19

1708 1106 1881 1250 ἓξὲξ
1914 1137 2022 1183 um
2057 1110 2166 1185 'illi
2211 1120 2458 1187 dabant
2500 1129 2568 1189 et
2611 1123 2698 1188 mi

1707 1269 1753 1301 ¹⁰
1777 1258 1832 1301 ⁵⁹
1915 1269 2234 1336 rebantur
2273 1270 2340 1336 in
2386 1273 2603 1339 uerbis

1911 1421 2168 1504 gratiae
2213 1442 2386 1506 quae
2429 1431 2626 1508 proce

1910 1570 2167 1648 debant
2199 1572 2282 1640 de
2327 1595 2439 1641 ore
2481 1575 2692 1659 ipsius

1912 1729 1978 1788 et
2021 1723 2332 1791 dicebant
2374 1745 2591 1793 nonne

1912 1873 2020 1939 hic
2063 1882 2164 1941 est
2208 1874 2380 1943 filins
2423 1876 2655 1961 ioseph

1705 2014 1828 2142 ¹023
1912 2025 1995 2090 Et
2040 2024 2136 2091 ait
2177 2024 2311 2092 illis
2356 2026 2512 2110 utiq'
2555 2027 2703 2092 dice

1755 2149 1823 2245 ξι
1913 2176 1997 2241 tis
2041 2175 2204 2240 mihi
2248 2175 2419 2243 hanc
2461 2174 2733 2244 simflitu

1912 2325 2133 2392 dinem
2180 2297 2433 2394 medice
2478 2348 2636 2395 cura
2678 2334 2744 2394 te

1849 2548 1872 2571 ⁰
1909 2477 2122 2563 ipsum
2171 2484 2416 2560 quanta
2457 2478 2680 2545 audiui

1910 2648 2051 2694 mus
2096 2629 2275 2696 facta
2310 2628 2376 2693 in
2421 2627 2671 2714 caphar

1908 2799 2104 2846 naum
2149 2781 2256 2846 fac
2293 2783 2360 2847 et
2400 2779 2510 2845 hic
2553 2779 2620 2845 in
2665 2800 2755 2865 pa

1735 2932 1822 2996 24
1905 2930 2036 2998 tria
2078 2937 2193 2997 tua
2235 2931 2347 2997 Ait
2390 2937 2606 2998 autem
2652 2931 2756 2998 ihs

1700 3017 1746 3060 lc
1770 3015 1823 3060 21

1701 3068 1873 3163 ,πὼς
1908 3100 2098 3147 amen
2140 3080 2291 3147 dico
2336 3080 2522 3147 uobis
2567 3083 2651 3164 qd

1702 3182 1774 3232 3¹²²·
1797 3170 1847 3213 51

1700 3233 1747 3264 ¹⁰
1770 3222 1825 3264 ³⁵
1908 3251 2102 3298 nemo
2143 3230 2468 3317 propheta
2510 3252 2589 3299 ac

1907 3387 2134 3466 ceptus
2178 3388 2279 3446 est
2322 3380 2389 3445 iu
2437 3382 2656 3465 patria
2681 3403 2817 3449 sva

1703 3525 1826 3651 ¹022
1910 3531 1984 3595 In
2028 3529 2307 3597 ueritate
2351 3529 2500 3597 dico
2540 3531 2760 3599 multae

1750 3659 1820 3754 {31
1909 3680 2149 3746 uiduae
2192 3687 2382 3746 erant
2421 3681 2487 3746 in
2534 3682 2670 3748 isra

1909 3831 2014 3897 hel
2061 3831 2129 3896 in
2173 3830 2343 3898 dieb'
2386 3833 2603 3899 heliae
2647 3853 2818 3915 quan

1909 3982 1994 4048 do
2034 3983 2321 4049 clausum
2368 3989 2469 4050 est
2514 3983 2678 4049 caelsx

1908 4133 2100 4199 annis
2144 4134 2287 4199 trib’
2331 4140 2398 4201 et
2441 4135 2647 4201 mensi

2079 4284 2137 4350 b'
2173 4303 2291 4350 sex
2407 4284 2412 4291 ’

2504 4736 2567 4789 14
