3634 5717
774 704 858 768 80

986 907 1052 972 in
1098 908 1359 973 niueam
1406 914 1553 972 mea
1598 914 1662 972 et

986 1057 1157 1141 qvod
1203 1057 1371 1122 iu'stv
1416 1057 1611 1123 fuerit
1657 1057 1745 1123 da

986 1209 1068 1274 bo
1114 1208 1301 1274 uobis
1346 1207 1445 1272 illi
1491 1214 1640 1273 aute
1686 1207 1794 1273 abi

985 1368 1172 1427 erunt
1217 1360 1382 1426 iter&
1430 1364 1647 1425 autem
1691 1378 1773 1425 ex

987 1512 1065 1576 iit
1108 1511 1285 1577 circa
1327 1517 1581 1576 sextam
1628 1516 1694 1575 et
1737 1531 1823 1575 no

1907 705 2222 770 Mtc20

986 1672 1072 1726 na
1115 1660 1343 1725 horam
1387 1665 1454 1725 et
1498 1660 1654 1726 fecit
1697 1662 1838 1725 s³mi

983 1812 1132 1877 liter
1174 1812 1351 1877 circa
1396 1809 1633 1877 undeci

986 1984 1158 2029 mam
1205 1983 1360 2028 nero
1406 1962 1575 2027 exiit
1614 1971 1679 2028 et

987 2113 1240 2188 inuenit
1285 2114 1451 2180 alios
1496 2119 1642 2179 stan

984 2271 1084 2330 tes
1129 2271 1196 2330 et
1244 2264 1406 2330 dicit
1452 2263 1585 2329 illis
1626 2285 1713 2348 qv

986 2415 1054 2481 id
1100 2415 1208 2481 hic
1252 2416 1444 2481 statis
1489 2421 1630 2481 tota

985 2566 1093 2632 die
1140 2566 1334 2631 otiosi
1381 2566 1606 2633 dicunt
1650 2568 1712 2631 ei

985 2717 1139 2799 qvia
1181 2737 1373 2783 nemo
1418 2733 1527 2782 no³
1572 2738 1691 2782 con

987 2867 1174 2932 dvxit
1218 2866 1380 2932 dicit
1423 2867 1557 2933 illis
1604 2868 1694 2933 ite

986 3024 1052 3084 et
1093 3037 1213 3084 uos
1258 3017 1325 3082 in
1371 3018 1568 3085 uinea
1614 3029 1760 3085 mea

981 3188 1124 3234 cum
1171 3187 1317 3233 sero
1362 3174 1577 3234 autem
1625 3169 1730 3235 fac
1776 3180 1797 3187 “

984 3324 1054 3383 tn
1093 3324 1268 3383 esset
1312 3318 1473 3384 dicit
1517 3319 1641 3385 dns

985 3468 1222 3535 uineae
1265 3471 1671 3553 procuratori
1773 3501 1777 3505 v

986 3640 1101 3684 svo
1147 3640 1315 3686 noca
1350 3624 1695 3706 operarios

2132 1813 2202 1877 11

2135 2269 2210 2332 12

2136 3173 2215 3238 13

986 3778 1053 3837 et
1095 3771 1298 3838 redde
1342 3772 1475 3838 illis
1516 3795 1729 3842 merce
1806 3850 1834 3867 l
1897 3828 1904 3837 ,

985 3922 1067 3988 de
1115 3922 1439 4007 incipiens
1485 3947 1527 3991 a
1570 3929 1759 3993 nouis

984 4073 1185 4139 simos
1230 4075 1366 4155 usq’
1412 4076 1498 4141 ad
1542 4076 1774 4160 primos

982 4235 1063 4290 c1‘1
1107 4225 1445 4291 uenissent
1488 4247 1647 4312 ergo

980 4375 1089 4459 qui
1137 4374 1313 4441 circa
1354 4378 1590 4445 undeci

984 4539 1092 4594 ma
1133 4528 1359 4594 horam
1401 4530 1738 4597 uenissent

981 4686 1374 4767 acceperunt

2134 3926 2212 3990 14

2131 4526 2209 4590 15

2307 905 2551 988 singuli
2599 902 2906 969 denarios
2952 923 3034 968 ue

2311 1055 2566 1121 nientes
2612 1061 2762 1121 aute
2810 1063 2875 1120 et
2916 1053 3013 1138 pri

2310 1186 2397 1270 mi
2444 1204 2742 1271 arbitrati
2788 1212 2939 1271 sunt

2306 1357 2477 1441 quod
2524 1357 2672 1442 plus
2717 1364 2940 1424 essent
3013 1346 3020 1355 ’

2303 1509 2636 1592 accepturi
2681 1528 2922 1592 accepe

2304 1667 2453 1725 runt
2495 1665 2646 1724 aute
2693 1664 2759 1723 et
2802 1659 2932 1742 ipsi
2976 1659 3078 1724 sin

2302 1811 2492 1894 gulos
2535 1808 2866 1876 daenarios
2909 1816 2976 1876 et

2301 1961 2700 2046 accipientes
2746 1981 2888 2027 mur

2301 2115 2647 2180 mutabant
2691 2113 2895 2180 aduer

2300 2274 2373 2332 si
2420 2272 2609 2350 patre
2656 2263 2942 2331 familias
2988 2262 3057 2327 di

2304 2423 2527 2483 centes
2570 2415 2665 2480 hii
2710 2414 2958 2480 nonissi

2301 2589 2410 2632 ma
2453 2566 2617 2632 hora
2661 2567 2954 2632 fecerunt
3000 2571 3066 2631 et

2300 2737 2495 2803 pares
2542 2718 2689 2783 illos
2729 2716 2919 2782 nobis
2965 2717 3028 2783 fe

2299 2869 2448 2934 cisti
2494 2869 2603 2952 qui
2647 2867 3038 2953 p·rtanimus

2299 3018 2555 3103 pondus
2600 3018 2733 3085 diei
2784 3025 2851 3083 et
2892 3037 2982 3083 aes

2303 3176 2406 3235 tus
2451 3176 2521 3236 at
2563 3168 2676 3235 ille
2722 3188 2957 3252 respon

2303 3320 2468 3386 dens
2513 3320 2624 3385 uni
2670 3329 2830 3386 eorfi
2874 3318 2989 3384 dix

2299 3472 2352 3536 it
2394 3471 2606 3537 amice
2652 3491 2778 3536 non
2821 3470 2992 3536 facio

2302 3794 2384 3838 ex
2431 3773 2723 3839 daenario
2767 3774 3082 3840 conuenis

2298 3924 2348 3988 ti
2393 3934 2582 3989 meon
2633 3925 2790 3990 tolle
2834 3922 3007 4007 quod

2300 4081 2415 4138 tun
2460 4082 2562 4140 est
2602 4081 2668 4141 et
2714 4077 2886 4143 nade
2927 4096 3011 4142 uo

2301 4227 2364 4291 lo
2410 4233 2560 4292 aute
2607 4234 2674 4293 et
2716 4229 2869 4295 huic
2909 4249 2992 4293 no

2302 4376 2570 4444 nissimo
2615 4378 2775 4446 dare
2818 4380 2986 4447 sicvt

2296 4535 2361 4595 et
2409 4529 2527 4595 tibi
2573 4537 2686 4596 aut
2729 4552 2860 4598 non
2904 4532 3064 4600 licet
3147 4630 3160 4641 ⁸

2471 4681 2633 4749 mihi
2679 4684 2853 4768 quod
