3634 5717
374 662 496 728 Fol
539 664 622 728 98

410 1170 489 1233 21

413 2688 494 2754 23

408 3144 492 3216 24

412 3752 496 3817 25

579 861 797 928 uerbis
841 860 1006 926 meis
1052 879 1221 943 quae
1264 859 1445 943 inple

581 1014 819 1079 buntur
856 1013 925 1078 in
972 1018 1267 1097 tempore
1311 1030 1429 1077 suo

581 1173 647 1232 et
689 1170 833 1232 erat
871 1163 1059 1249 plebs
1103 1168 1461 1248 expectans

579 1317 950 1385 zachariam
992 1324 1061 1384 et
1102 1315 1397 1383 miraban

580 1476 685 1536 tur
729 1469 903 1553 qued
947 1468 1242 1536 tardaret
1283 1468 1353 1552 ip

578 1641 654 1688 se
696 1622 764 1687 in
807 1623 1073 1706 templo,
1118 1621 1441 1705 Egressus

580 1781 797 1843 autem
840 1794 964 1841 nee
1005 1780 1266 1859 poterat
1305 1774 1373 1839 lo

577 1917 689 2010 fini
734 1926 823 1994 ad
865 1927 1015 1993 illos
1060 1933 1129 1994 et
1171 1945 1466 2011 eognone

579 2085 728 2145 runt
772 2077 944 2163 quod
989 2066 1315 2144 uisionem

578 2230 856 2297 uidisset
898 2230 965 2296 in
1011 2230 1256 2318 templo
1297 2235 1363 2296 et

579 2384 723 2468 ipse
767 2388 911 2450 erat
953 2336 1232 2449 innuens
1276 2381 1411 2447 iuis

581 2542 647 2602 et
689 2535 1052 2620 permansit
1092 2540 1307 2643 matus

580 2695 648 2755 et
690 2688 933 2753 factum
977 2693 1080 2753 est
1121 2692 1192 2752 ut
1236 2685 1418 2770 inple

580 2839 633 2905 ti
676 2846 827 2905 sunt
869 2839 1013 2906 dies
1060 2838 1261 2905 officii
1306 2838 1369 2904 ei

581 3012 657 3057 us
702 2991 867 3058 abiit
908 2993 978 3057 in
1022 2992 1284 3059 domum
1329 3001 1447 3056 sua

1503 660 1768 727 LeCl

1716 862 1803 927 26

1716 1458 1798 1523 27

1718 2222 1801 2286 28

1718 2977 1801 3041 29

579 3150 729 3227 post
770 3144 891 3211 hos
935 3150 1153 3212 autem
1193 3142 1336 3210 dies
1463 3102 1486 3239 f
1599 3207 1605 3217 ,

582 3295 884 3380 concepit
926 3275 1248 3363 elisabeth
1286 3316 1373 3361 ux

587 3468 660 3513 or
702 3447 844 3513 eius
885 3453 951 3513 et
995 3415 1366 3514 occultabat

583 3619 656 3666 se
697 3599 968 3665 mensib’
1012 3599 1297 3682 quinque

580 3751 809 3819 dicens
856 3750 1012 3835 quid
1055 3750 1154 3816 sie
1194 3750 1355 3817 mihi
1393 3749 1459 3815 se

586 3902 676 3968 eit
718 3903 844 3970 dfis
886 3903 955 3968 in
1001 3902 1170 3969 dieb'
1213 3901 1444 3986 quibus
1508 3890 1541 3907 ‘

580 4055 875 4139 respexit
916 4055 1159 4123 auferri
1204 4054 1289 4119 ob

584 4207 913 4292 probrium
960 4207 1133 4273 mefi·
1154 4205 1325 4270 inter

582 4358 880 4425 homines

1720 4170 1822 4267 31⁴

1887 857 2136 926 Eodem
2183 866 2399 927 autem
2444 867 2667 946 tempo

1888 1031 1959 1078 re
2003 1012 2241 1079 missus
2285 1019 2386 1079 est
2430 1033 2604 1097 ange

1889 1164 1989 1231 lus
2033 1163 2288 1248 gabriel
2334 1186 2377 1231 a
2419 1165 2553 1231 dfio
2583 1136 2665 1230 'in

1891 1315 2160 1384 ciuitate
2206 1317 2493 1399 galileae
2538 1318 2641 1384 eui

1889 1487 2127 1535 nomen
2172 1471 2484 1537 nazareth
2530 1470 2615 1538 ad

1888 1578 2215 1705 uirginem
2259 1621 2579 1707 dispensa

1888 1777 2026 1839 tam
2067 1773 2211 1867 uiro
2256 1775 2361 1840 eui
2403 1795 2642 1842 nomen

1890 1930 2033 1992 erat
2075 1925 2307 2011 ioseph
2354 1927 2439 1995 de
2483 1927 2569 1993 do

1890 2098 1996 2174 mq
2040 2077 2244 2143 dauid
2288 2085 2355 2144 et
2394 2099 2631 2146 nomen

1875 2229 2169 2314 uirginis
2214 2230 2442 2296 maria»
2490 2231 2571 2296 Et
2614 2232 2681 2297 in

1886 2401 2152 2466 gressus
2196 2381 2283 2447 ad
2329 2402 2474 2448 eam
2519 2403 2605 2449 an

1887 2532 2076 2617 gelus
2121 2533 2292 2599 dixit
2330 2533 2501 2601 haue
2545 2555 2668 2618 gra

1889 2685 1984 2751 tia
2022 2687 2222 2770 plena
2264 2685 2390 2752 dfis
2433 2688 2583 2753 teefi

1888 2838 2239 2906 benedicta
2265 2800 2350 2903 ‘tu
2394 2837 2566 2907 inter

1889 2990 2194 3057 mulieres
2237 2991 2389 3076 ipsa
2431 2997 2582 3057 aute

1886 3149 1958 3208 ut
2001 3142 2171 3209 uidit
2213 3150 2393 3210 mota
2440 3150 2542 3209 est
2586 3143 2652 3208 in

1888 3293 2161 3360 introitu
2205 3295 2345 3361 eius
2390 3300 2456 3361 et
2501 3302 2644 3361 erat

1894 3445 2195 3529 cogitans
2236 3445 2392 3530 quid
2435 3446 2534 3511 sie
2575 3447 2657 3511 be

1886 3587 2250 3664 'nedixisset
2292 3616 2459 3663 eam.
2502 3597 2588 3661 Et

1893 3749 1988 3815 ait
2028 3749 2093 3816 ei
2132 3748 2409 3833 angelus
2449 3748 2566 3813 dni
2609 3768 2693 3815 ne

1891 3901 2126 3967 timeas
2172 3902 2382 3967 maria
2424 3901 2577 3966 inue

1893 4053 2048 4119 nisti
2090 4053 2263 4121 enim
2309 4053 2592 4137 gratiam

1893 4212 2052 4289 aput
2096 4206 2204 4271 dm
2249 4212 2316 4271 et
2359 4226 2508 4273 ecee
2554 4226 2677 4271 eon

2447 4779 2511 4830 13

2793 664 2913 728 193
