3634 5717
1879 661 2153 727 Mtcss

917 869 1087 934 sieut
1129 864 1608 951 hyppoehritae
1653 866 1723 931 fa

918 1021 1099 1086 ciunt
1145 1018 1208 1082 in
1257 1017 1620 1102 synagogis
1666 1025 1732 1082 et
1774 1016 1842 1080 in

920 1172 1084 1238 uieis
1129 1177 1199 1257 at
1244 1170 1751 1236 honorificentur

920 1327 1005 1393 ab
1048 1323 1360 1391 hominib'
1404 1343 1597 1389 amen
1635 1320 1783 1386 dieo

917 1477 1105 1545 uobis
1152 1476 1524 1559 reciperunt
1570 1493 1706 1539 mer
1748 1516 1753 1520 -

919 1629 1068 1696 eide
1113 1648 1297 1694 suam
1345 1635 1410 1693 te
1455 1635 1608 1693 aute

924 1781 1210 1849 faciente
1254 1778 1622 1845 aelimosina
1667 1796 1784 1842 nes

922 1933 1056 1999 eiat
1099 1931 1373 1997 sinistra
1414 1938 1529 1996 tua
1572 1928 1731 2013 quid

923 2085 1128 2154 faeiat
1171 2082 1446 2149 dextera
1487 2089 1603 2148 tua
1645 2088 1715 2147 ut
1758 2079 1846 2145 sit

924 2235 1313 2322 aelymosina
1356 2242 1470 2302 tua
1514 2234 1579 2300 in
1627 2235 1870 2301 abscon

922 2389 1061 2455 dito
1106 2396 1175 2456 et
1219 2395 1407 2473 pater
1450 2396 1597 2454 tuus
1644 2386 1754 2470 qui
1799 2386 1867 2450 vi

923 2542 1036 2609 det
1080 2540 1145 2605 in
1191 2541 1513 2607 absconso
1557 2536 1790 2605 reddet

922 2695 1063 2760 tibi.
1122 2694 1204 2759 Et
1260 2713 1402 2759 eum
1451 2692 1655 2759 oratis
1700 2712 1829 2757 non
1879 2690 1970 2755 ori

924 2846 1008 2911 tis
1054 2846 1224 2912 sieut
1266 2842 1746 2929 hyppoehri-tae

826 3092 841 3103 „
905 2956 1035 3083 *qui
1081 3005 1305 3065 amant
1348 2997 1415 3063 in
1458 2995 1823 3083 synagogis

924 3159 990 3218 et
1034 3151 1101 3216 in
1149 3149 1413 3234 angulis
1459 3149 1761 3234 plateam

921 3309 1174 3370 stantes
1220 3322 1408 3368 orare
1451 3309 1522 3368 ut
1566 3300 1807 3368 uidean
1869 3376 1874 3381 ,

921 3461 1026 3519 tur
1070 3454 1155 3523 ab
1200 3453 1510 3520 hominib’
1554 3474 1744 3520 amen
1788 3453 1857 3519 di

923 3627 999 3673 co
1044 3607 1230 3674 uobis
1275 3614 1663 3692 receperunt
1706 3625 1922 3674 meree

923 3760 1072 3827 dem
1119 3771 1238 3826 sua
1279 3768 1349 3826 tu
1395 3767 1547 3827 aute
1593 3779 1737 3827 eum
1787 3779 1826 3824 ο

924 3910 1102 3977 rabis
1149 3911 1325 3979 intra
1368 3912 1434 3976 in
1480 3911 1782 3978 eubiculfi

924 4063 1039 4127 tufi
1087 4070 1153 4128 et
1197 4064 1408 4140 chuno
1455 4063 1624 4128 ostio
1668 4070 1783 4128 tuo

924 4234 1042 4279 ora
1085 4220 1273 4298 patre
1319 4221 1496 4279 tuum
1545 4213 1610 4277 in
1657 4214 1901 4280 abscon

924 4383 1000 4430 so
1043 4371 1111 4431 et
1157 4373 1346 4449 pater
1388 4374 1536 4432 tuus
1582 4366 1693 4450 qui
1739 4366 1804 4431 ui

924 4515 1039 4582 det
1083 4516 1149 4582 in
1189 4519 1510 4584 abeeoneo
1555 4518 1786 4585 reddet

1164 4672 1283 4737 tibi

2150 864 2185 927 ‘1
2277 863 2557 930 Orantes
2598 870 2749 930 aute
2794 862 3000 929 nolite

2001 1056 2008 1063 ·
2071 948 2217 1094 &1⁵2³
2279 1016 2485 1082 multfi
2529 1016 2709 1099 loqui
2755 1015 2923 1083 sieut
2968 1012 3112 1082 eth'

2276 1169 2408 1235 nioi
2456 1175 2690 1253 putant
2733 1179 2842 1234 eni
2889 1170 3045 1252 quia

2280 1321 2343 1386 in
2391 1322 2801 1405 multiloquio
2846 1340 2963 1387 suo
3009 1341 3091 1387 ex

2151 1474 2190 1538 8
2280 1468 2633 1541 audiantur
2677 1474 2882 1541 nolite
2928 1495 3001 1541 er

2281 1647 2367 1711 go
2414 1625 2783 1693 adsimilari
2829 1626 2927 1692 eie
2971 1626 3098 1692 seit

2281 1778 2339 1843 h’
2387 1786 2575 1863 pater
2620 1787 2837 1846 uester
2885 1778 3043 1862 quid

2281 1951 2446 2016 opus
2490 1931 2577 1998 sit
2621 1931 2810 1999 uobis
2854 1939 3009 1998 ante

2151 2086 2191 2146 9
2281 2095 2409 2168 qua
2455 2084 2697 2168 petatis
2742 2085 2827 2152 ab
2869 2105 2948 2151 eo
2992 2085 3090 2151 sie

2284 2256 2442 2320 ergo
2490 2255 2608 2302 uos
2655 2236 2929 2304 orabitis

2283 2391 2479 2454 Pater
2525 2350 2776 2455 noster'
2796 2390 2906 2473 qui

2284 2560 2353 2606 es
2399 2541 2468 2605 in
2513 2540 2692 2606 caelis
2739 2540 3094 2609 §otifioetur

2118 2694 2198 2757 10
2284 2712 2523 2759 nomen
2572 2696 2684 2760 tufi
2732 2694 2973 2761 adueni

2281 2853 2351 2911 at
2394 2857 2603 2930 regnt‘n
2648 2856 2825 2914 tuum
2871 2848 2991 2914 fiat
3034 2867 3114 2913 uo

2282 2998 2500 3063 luntas
2546 3006 2662 3066 tua
2701 3000 2871 3067 sieut
2909 2999 2976 3063 in

2116 3152 2183 3215 11
2284 3149 2445 3216 eaelo
2488 3159 2556 3217 et
2598 3152 2663 3217 in
2710 3160 2888 3219 terra
2924 3159 3099 3237 pane

2284 3312 2510 3369 nostra
2556 3303 2895 3372 cotidiani
2941 3305 3031 3371 da

2117 3456 2195 3520 12
2283 3455 2471 3521 nobie
2516 3455 2715 3523 hodie
2760 3464 2826 3523 et
2869 3457 3062 3524 remit

2283 3614 2348 3674 te
2393 3608 2582 3674 nobis
2628 3607 2852 3675 debita
2894 3629 3015 3676 noe

2281 3766 2387 3825 tra
2430 3759 2600 3827 sieut
2645 3767 2711 3827 et
2756 3781 2875 3827 nos
2921 3761 3092 3828 dimit

2283 3911 2479 3977 timus
2524 3911 2872 3979 debitorib'

2121 4067 2198 4131 13
2287 4012 2525 4130 nostris
2573 4074 2638 4131 et
2682 4085 2766 4131 ne
2810 4065 3086 4131 inducas

2284 4235 2403 4282 nos
2449 4216 2514 4281 in
2562 4217 2991 4302 teptationem

2285 4366 2399 4433 sed
2447 4368 2660 4434 libera
2704 4388 2822 4435 nos
2869 4390 2911 4435 a
2955 4369 3129 4435 malo

2122 4519 2198 4584 14
2283 4520 2354 4585 Si
2400 4533 2509 4586 eni
2550 4520 2934 4588 dimiseritis
2980 4520 3065 4585 ho

2078 4603 2223 4649 mus

2080 4656 2252 4751 mr⁶12n
2287 4672 2509 4738 minib'
2553 4679 2828 4757 peecata
