3634 5717
728 693 852 759 146

767 1200 847 1266 16

723 1296 796 1329 mr
820 1283 874 1328 ⁷2

723 1335 895 1503 mii&

766 1961 847 2026 18

1859 690 2133 758 Mrc‘l

930 893 1293 979 procedunt
1336 894 1455 961 illa
1495 902 1650 962 sunt

931 1067 1099 1131 quae
1145 1047 1611 1140 conmunicent
1647 1047 1734 1113 ho

934 1200 1109 1265 mine
1155 1199 1213 1264 si
1260 1198 1404 1283 quis
1448 1198 1649 1265 habet
1691 1218 1884 1265 aures

931 1349 1250 1417 audiendi
1295 1350 1524 1418 audiat
1568 1351 1653 1416 Et
1695 1353 1776 1417 mi

931 1502 1272 1568 introisset
1315 1502 1382 1567 in
1429 1501 1629 1569 domn
1673 1526 1715 1570 a

914 1654 1124 1722 turba
1166 1655 1667 1739 interrogabant

933 1817 1017 1873 en
1062 1806 1373 1892 discipuli
1419 1806 1560 1874 eins
1605 1828 1770 1893 para

934 1957 1086 2025 bole
1130 1965 1197 2025 et
1245 1958 1340 2026 ait
1384 1959 1519 2025 illis
1562 1960 1662 2027 sie
1703 1967 1770 2026 et

934 2132 1052 2179 nos
1093 2111 1521 2196 inprudentes
1565 2132 1636 2179 es

934 2265 1019 2332 tis
1067 2285 1195 2331 non
1242 2264 1633 2350 intellegitis
1679 2265 1835 2350 qvia

873 2434 881 2443 ·
935 2436 1128 2484 omne
1172 2418 1579 2485 extrinsecus
1620 2418 1687 2484 in

773 2876 852 2943 19

765 3943 837 4006 21

934 2570 1181 2637 troiens
1226 2569 1293 2636 in
1341 2572 1606 2639 homine
1652 2590 1783 2637 non

936 2727 1155 2807 potest
1200 2723 1284 2787 esi
1329 2722 1656 2789 communi

939 2893 1092 2940 οπο
1136 2873 1292 2956 qnia
1335 2894 1466 2941 non
1510 2873 1765 2941 introiit

936 3027 1004 3092 in
1049 3024 1247 3092 eorde
1291 3025 1432 3092 eins
1477 3026 1595 3092 sed
1639 3027 1708 3093 in
1754 3047 1879 3093 nen

936 3188 1034 3244 tre
1080 3186 1148 3245 et
1190 3177 1257 3244 in
1303 3189 1569 3245 seeessn
1608 3179 1772 3245 exiit

938 3348 1229 3416 purgans
1277 3350 1502 3396 omnes
1548 3350 1735 3397 escas

939 3482 1203 3549 dicebat
1244 3488 1395 3549 aute
1439 3493 1564 3566 qne
1611 3503 1755 3567 quae

938 3636 1022 3703 de
1066 3635 1333 3702 homine
1376 3642 1622 3702 exeunt
1664 3636 1784 3703 illa

937 3789 1422 3857 communicant
1457 3789 1634 3854 homi

936 3947 1019 4006 ne
1065 3940 1148 4007 ab
1192 3941 1368 4008 intus
1414 3951 1522 4007 eni
1568 3940 1651 4008 de
1698 3962 1808 4007 eor

937 4092 1020 4158 de
1062 4091 1333 4158 hominii
1382 4092 1700 4177 cogitatio

936 4262 1053 4309 nes
1099 4242 1314 4309 malae
1358 4243 1721 4326 procedunt

808 4472 823 4489 .
936 4394 1264 4462 adulteria
1307 4394 1483 4460 furta
1526 4394 1626 4460 for

937 4546 1302 4614 nicationes
1345 4546 1706 4614 homicidia

1119 4699 1400 4767 auaritia
1472 4768 1477 4773 ,

1873 5197 1880 5204 ⁸
1944 5108 2048 5175 ihs

2086 1348 2171 1415 23

2099 2720 2185 2785 25

2094 3485 2178 3549 26

2057 4200 2124 4239 mt
2150 4196 2229 4240 160

2090 4248 2173 4312 27

2254 891 2548 975 nequitia
2593 890 2783 957 dolus
2828 891 2988 977 inpn

2254 1042 2487 1110 dieitia
2524 1044 2749 1110 oculus
2795 1045 3006 1111 malus

2254 1195 2669 1280 blasphemia
2712 1198 2977 1299 snperbi

2259 1368 2301 1413 a
2342 1348 2626 1415 stultitia
2668 1350 2890 1416 omnia
2935 1351 3078 1416 haee

2260 1501 2438 1566 mala
2489 1500 2574 1568 ab
2617 1501 2794 1567 intus
2839 1522 3036 1587 proee

2260 1651 2425 1721 dunt
2467 1644 2550 1719 et'
2576 1653 2995 1721 eemnnieant

2261 1804 2591 1873 hominem

2263 1958 2346 2023 Et
2387 1958 2544 2026 inde
2587 1979 2868 2044 surgens
2914 1960 3025 2026 abi

2263 2110 2315 2175 it
2355 2110 2423 2176 in
2469 2111 2635 2178 fines
2681 2111 2811 2197 tyri
2857 2118 2924 2179 et
2967 2111 3026 2177 si

2263 2262 2455 2330 donis
2499 2271 2568 2330 et
2605 2263 2945 2349 ingressus

2264 2414 2464 2481 domii
2508 2416 2774 2484 nemine
2817 2418 2971 2484 nolu

2263 2566 2317 2631 it
2357 2567 2529 2634 seire
2573 2576 2641 2637 et
2682 2591 2812 2637 non
2859 2577 3016 2655 potu

2273 2719 2326 2784 it
2368 2720 2579 2788 latere
2623 2722 2859 2789 mulier
2903 2733 3011 2788 eni

2262 2879 2422 2939 stati
2466 2879 2539 2939 nt
2581 2873 2839 2940 audiuit
2880 2873 2965 2941 de

2262 3045 2341 3091 eo
2386 3027 2568 3093 cuins
2613 3027 2903 3095 habebat
2941 3026 2983 3095 fi

2260 3177 2353 3243 lia
2394 3189 2540 3261 epm
2587 3177 2906 3245 inmundn
2946 3179 3012 3245 in

2262 3308 2464 3397 trnuit
2509 3336 2576 3396 et
2614 3331 2940 3415 procedit,

2264 3482 2350 3549 ad
2396 3482 2599 3567 pedes
2648 3484 2789 3550 eius
2834 3490 2978 3570 erat

2262 3643 2414 3703 ante
2460 3636 2694 3704 mulier
2737 3638 2921 3720 genti

2261 3788 2344 3855 lis
2389 3788 2905 3874 syrophoenissa

2264 3960 2522 4026 genere·
2549 3942 2635 4008 Et
2678 3943 2958 4027 rogabat

2268 4094 2353 4160 esi
2397 4102 2469 4160 nt
2512 4093 2841 4160 daemonin
2871 4094 3027 4163 ‚eiee

2262 4254 2362 4314 ret
2405 4246 2490 4313 de
2534 4245 2675 4312 filia
2715 4246 2859 4313 eins
2903 4246 3014 4331 qni

2261 4397 2431 4464 dixit
2474 4398 2573 4465 illi
2618 4399 2762 4466 sine
2806 4398 2989 4484 prins

2261 4551 2540 4619 saturari
2585 4551 2758 4618 filios
2803 4572 2931 4619 non

2462 4712 2566 4770 est
2611 4705 2785 4772 boun
