3634 5717
692 629 818 690 XX

694 817 942 891 Angliea.
984 827 1089 877 aut
1118 816 1436 877 Hibernica
1479 819 1717 894 cogitas,
1763 827 2009 891 possunt
2052 817 2301 876 fortasse
2344 833 2445 874 eae
2492 834 2530 872 a
2569 814 2793 886 pictore
2821 812 3072 887 quodam
3101 812 3261 883 Ang-

692 902 803 963 lico
850 913 952 962 aut
995 902 1337 981 Hiberniae,
1382 904 1481 976 qui
1527 905 1586 962 in
1633 901 1970 964 Continenti
2017 909 2405 961 commoratus
2449 909 2561 976 est,
2606 899 2839 959 additae
2883 916 3045 974 esse3
3101 896 3261 970 quod

693 989 741 1047 si
785 997 899 1066 est,
943 989 1244 1061 potissime
1290 989 1351 1047 in
1393 998 1647 1048 mentem
1690 989 1854 1048 venit
1896 988 2232 1047 monasterii
2277 985 2608 1060 Bobiensis,
2653 984 2807 1059 quod
2837 1004 2871 1043 a
2897 980 3260 1042 Columbano

694 1072 938 1147 aliisque
1005 1075 1299 1133 monachis
1346 1073 1681 1135 Hibernicis
1742 1073 2038 1134 conditum
2084 1093 2210 1132 esse
2270 1080 2518 1148 constat,
2583 1080 2653 1130 ut
2705 1070 2786 1130 ibi
2841 1070 3022 1142 igitur
3074 1067 3261 1128 codex

691 1168 892 1219 noster
933 1160 1186 1231 scriptus
1230 1160 1326 1222 sit.

1896 1499 2047 1579 vll.

866 1687 1098 1766 Restat,
1165 1697 1233 1748 ut
1298 1690 1369 1748 de
1437 1699 1629 1748 aetate
1683 1688 1899 1748 codicis
1957 1689 2141 1747 nostri
2200 1708 2386 1760 pauca
2437 1687 2716 1747 dicamus,
2806 1685 3079 1745 Vidimus
3123 1685 3259 1760 iam,

697 1773 1008 1833 terminum
1053 1774 1135 1833 ad
1181 1794 1388 1849 quem
1418 1795 1492 1833 ex
1519 1784 1717 1833 vetere
1749 1774 1997 1846 Anglica
2038 1773 2139 1833 illa
2168 1773 2436 1832 Aelfredi
2479 1772 2644 1832 ducis
2687 1771 3085 1846 inscriptione,
3128 1789 3262 1828 eum

699 1867 1047 1919 testamento
1098 1860 1224 1919 eius
1269 1869 1632 1936 comparata,
1679 1880 1783 1931 pro
1830 1869 1989 1919 certo
2034 1859 2261 1918 definiri
2306 1877 2510 1937 posse3
2562 1877 2690 1916 esse
2734 1857 2889 1916 enim
2935 1876 3060 1915 eam
3104 1854 3264 1913 haud

695 1943 878 2003 multo
922 1955 1057 2004 ante
1106 1949 1219 2005 871
1272 1955 1377 2004 aut
1417 1943 1580 2005 brevi
1627 1954 1759 2017 post
1801 1946 2099 2022 scriptam,
2143 1944 2431 2018 siquidem
2482 1963 2551 2004 eo
2605 1962 2754 2002 anno
2799 1962 2902 2002 rex
2948 1939 3263 2001 Aelfredus

697 2049 936 2102 regnum
977 2030 1174 2090 iniret.
1263 2030 1485 2089 Verum
1538 2031 1715 2089 etiam
1759 2030 1834 2089 ad
1878 2031 2189 2089 terminum
2255 2051 2310 2088 a
2354 2049 2444 2103 qu
2464 2049 2497 2087 o
2563 2027 2974 2088 inveniendum
3015 2025 3266 2098 vestigia

697 2113 971 2174 nonnulla
999 2115 1228 2177 adsunt.
1300 2116 1552 2175 Necesse
1583 2117 1737 2175 enim
1765 2124 1877 2193 est,
1923 2124 1991 2175 ut
2019 2125 2218 2175 monet
2244 2113 2315 2176 G.
2350 2114 2662 2190 Stephens,
2706 2113 2910 2192 codex,
2955 2121 3264 2186 antequam

698 2200 770 2259 ab
816 2199 1096 2261 Aelfredo
1142 2201 1287 2261 duce
1343 2211 1666 2272 emeretur,
1726 2201 1862 2260 dum
1908 2202 1968 2262 in
2011 2200 2276 2260 manibus
2320 2201 2656 2260 christianis
2702 2209 2764 2258 et
2806 2199 3043 2271 paganis
3087 2206 3266 2272 esset,

698 2286 892 2345 varios
936 2306 1104 2345 casus
1148 2286 1418 2364 subierit,
1463 2287 1523 2345 id
1568 2286 1723 2359 quod
1766 2286 1924 2346 haud
1969 2307 2209 2359 parvum
2256 2286 2535 2358 temporis
2576 2285 2832 2357 spatium
2876 2283 3116 2360 indicat,
3160 2282 3270 2341 ita-

700 2389 813 2444 que
858 2391 972 2431 non
1016 2372 1216 2443 procul
1262 2393 1297 2431 a
1339 2393 1476 2432 vero
1523 2370 1724 2432 abesse
1769 2372 2024 2450 videtur,
2071 2372 2225 2446 quod
2256 2371 2578 2431 arbitratur
2606 2369 2916 2448 Stephens,
2962 2388 3091 2428 esse
3135 2387 3269 2427 eum

703 2456 933 2516 saeculo
978 2466 1146 2516 sexto
1192 2468 1296 2518 aut
1340 2459 1588 2530 septimo
1634 2459 1933 2530 scriptum.
1994 2458 2334 2532 Praeterea,
2380 2476 2559 2531 quum
2602 2477 2639 2516 a
2680 2457 2868 2529 prima
2909 2475 3084 2514 manu
3128 2453 3272 2525 dup-

699 2541 869 2601 licem
913 2541 1126 2602 habeat
1169 2544 1533 2621 divisionem,
1580 2545 1640 2602 in
1684 2545 1973 2603 sectiones
2020 2544 2317 2603 Ammonii
2361 2563 2494 2603 cum
2537 2540 2852 2602 canonibus
2897 2538 3163 2616 Eusebii,
3205 2551 3273 2598 et

702 2628 763 2688 iu
808 2628 1104 2701 τιτλους,
1126 2628 1135 2638 ‘
1158 2628 1433 2688 »breves«
1458 2674 1474 2705 ,
1521 2649 1651 2687 cum
1698 2630 1904 2688 horum
1949 2630 2204 2688 numeris
2250 2639 2312 2688 et
2357 2629 2531 2705 notis,
2576 2647 2681 2699 per
2724 2646 2786 2685 se
2831 2634 3093 2703 apparet,
3137 2643 3270 2684 esse

699 2731 832 2772 eum
875 2713 1178 2790 scriptum,
1222 2725 1527 2787 postquam
1571 2713 1683 2773 bae
1713 2712 2030 2773 divisiones
2075 2715 2134 2772 in
2181 2733 2290 2774 usu
2334 2734 2461 2773 esse
2509 2714 2855 2785 coepissent.
2914 2711 2998 2771 Et
3025 2708 3270 2770 Eusebii

700 2795 934 2869 quidem
1000 2816 1245 2857 canones
1311 2797 1382 2858 ab
1436 2797 1692 2858 Eusebio
1739 2798 2115 2860 Caesareensi
2179 2799 2370 2864 medio
2436 2799 2666 2859 saeculo
2711 2806 2917 2872 quarto
2963 2797 3268 2856 institutos

701 2900 849 2956 esse,
895 2890 1077 2941 testes
1121 2892 1263 2943 sunt
1304 2881 1611 2944 Caesarius
1657 2885 1745 2956 (in
1790 2884 2066 2960 dialogo),
2134 2884 2501 2957 Epiphanius
2548 2885 2637 2960 (in
2667 2885 3015 2961 Ancoraw),
3061 2881 3272 2941 Hiero-

704 2986 912 3036 nymus
958 2967 1047 3040 (in
1093 2987 1182 3040 ep.
1231 2968 1304 3028 ad
1363 2969 1680 3029 Damasum
1722 2973 1979 3044 papam).
2070 2969 2160 3030 De
2234 2969 2578 3030 »brevibus«
2653 2969 2933 3029 incertior
2997 2977 3094 3027 est
3153 2986 3267 3027 res.

700 3051 773 3111 In
818 3052 1237 3125 antiquissimis
1283 3054 1507 3114 duobus
1538 3054 1780 3115 Graecis
1818 3054 2099 3116 librorum
2142 3076 2437 3116 sacrorum
2486 3054 2782 3116 codicibus
2826 3074 2978 3114 nunc
3022 3052 3271 3126 cognitis

703 3139 777 3213 (ἃ
845 3135 1057 3199 Sinait.
1107 3138 1403 3211 Petropol.
1474 3150 1536 3199 et
1579 3139 1631 3199 B
1710 3141 1981 3203 Vatican.
2041 3141 2337 3219 Romam),
2414 3161 2660 3216 quorum
2723 3149 2972 3214 uterque
3038 3138 3269 3198 saeculo

701 3232 908 3296 quarto
952 3225 1204 3295 scriptus
1249 3235 1361 3302 est,
1407 3246 1520 3284 non
1567 3226 1961 3304 inveniuntur,
2005 3228 2110 3287 sed
2152 3228 2213 3287 in
2256 3228 2536 3300 proximis
2567 3225 2791 3287 duobus
2829 3226 2918 3298 (A
2948 3223 3267 3285 Alexandr.

702 3308 948 3370 Londin.
1018 3319 1079 3368 et
1146 3307 1192 3369 C
1250 3310 1562 3383 Ephraem.
1634 3309 1762 3382 Syr.
1833 3312 2086 3392 Paris.),
2153 3332 2398 3387 quorum
2456 3323 2702 3386 uterque
2768 3311 2998 3372 saeculo
3064 3310 3270 3384 quinto

701 3394 954 3465 scriptus
999 3404 1109 3471 est,
1157 3396 1271 3455 iam
1317 3396 1548 3473 adsunt,
1603 3417 1708 3456 nec
1752 3397 2067 3472 quidquam
2110 3398 2343 3460 obstare
2387 3399 2642 3475 videtur,
2686 3398 2826 3472 quin
2856 3405 2963 3456 aut
2989 3396 3100 3455 hoc
3129 3405 3271 3454 tem-

702 3499 841 3551 pore
865 3489 969 3538 aut
990 3480 1162 3551 paulo
1191 3492 1327 3552 post
1355 3482 1539 3542 codex
1561 3503 1770 3543 aureus
1796 3484 2049 3556 scriptus
2073 3486 2170 3546 sit.
2235 3483 2409 3545 Certe
2439 3483 2771 3544 membrana
2799 3501 3112 3555 purpurea,
3142 3481 3269 3539 eius

702 3564 817 3623 vile
852 3585 1065 3642 genus,
1110 3565 1410 3626 luxuriosa
1452 3579 1791 3628 ornamenta
1835 3590 2012 3630 aurea
2054 3581 2117 3629 et
2161 3580 2468 3648 argentea,
2513 3570 2754 3642 antiqua
2797 3577 2971 3643 atque
3014 3566 3269 3639 vulgaris

702 3649 902 3726 dictio,
948 3651 1194 3711 omissae
1235 3654 1756 3727 suprascriptioues
1801 3666 1865 3715 et
1907 3655 2384 3732 subscriptiones,
2429 3675 2635 3728 magna
2663 3664 2725 3714 et
2753 3653 2943 3713 nitida
2979 3652 3270 3724 scriptura

704 3734 970 3813 uncialis,
1016 3738 1258 3809 scriptio
1304 3740 1598 3816 continua,
1644 3740 1834 3800 nullae
1880 3741 2111 3801 litterae
2155 3740 2507 3801 maiusculae
2553 3740 2827 3817 initiales,
2893 3738 3053 3798 nulla
3095 3739 3270 3797 inter-

704 3822 962 3900 punctio,
1008 3822 1199 3882 nullus
1244 3826 1679 3885 stichometriae
1724 3847 1866 3886 usus
1887 3823 1958 3904 ¹),
2004 3828 2353 3899 paucissima
2392 3826 2732 3899 compendia
2770 3823 3083 3901 scribendi,
3126 3823 3272 3882 haee

705 3906 899 3966 omnia
939 3917 1272 3979 provectam
1338 3920 1591 3970 aetatem
1658 3920 1968 3973 testantur.
2058 3911 2142 3971 Et
2198 3914 2412 3972 omissa
2455 3911 2689 3986 quidem
2732 3910 3136 3970 stichometria
3176 3908 3269 3967 vel

703 3992 951 4060 maxime
1014 3995 1219 4053 testari
1273 4015 1444 4067 posse
1499 3995 1756 4074 videtur,
1823 3997 2080 4056 codicem
2137 4017 2376 4058 aureum
2420 3997 2578 4058 haud
2634 3995 2818 4057 multo
2861 4003 2997 4068 post
3040 4004 3270 4066 tempus

702 4097 881 4148 supra
923 4078 1242 4139 indicatum
1286 4082 1566 4153 scriptum
1596 4101 1744 4160 esse,
1791 4092 2102 4156 antequam
2139 4083 2540 4144 stichometria
2567 4082 2739 4155 vulgo
2768 4080 3033 4142 adhiberi
3064 4088 3284 4152 coapta.

703 4172 878 4224 esset.
970 4162 1419 4225 Stichometriae
1464 4176 1659 4226 autem
1675 4212 1692 4244 ,
1759 4177 1829 4226 ut
1885 4176 2134 4246 constat,
2201 4178 2404 4228 auctor
2446 4168 2760 4228 Euthalius
2812 4176 2924 4242 est,
2991 4166 3267 4226 diaconus

704 4247 1157 4329 Alexandrinus,
1225 4253 1325 4326 qui
1391 4252 1640 4323 primum
1694 4273 1843 4312 anno
1908 4258 2029 4314 462
2077 4254 2232 4313 Acta
2288 4254 2681 4326 apostolorum
2740 4253 2874 4328 (cst.
2936 4252 3007 4311 de
3066 4250 3267 4311 Wette

701 4333 944 4397 Einleit.
994 4333 1035 4412 ξ
1079 4339 1187 4412 20)
1234 4345 1296 4397 et
1338 4336 1493 4396 haud
1539 4336 1713 4398 dubie
1757 4339 1929 4412 paulo
1959 4350 2094 4412 post
2121 4339 2419 4412 evangelia
2441 4359 2669 4414 quoque
2701 4340 2759 4398 in
2790 4339 3013 4398 stichos
3044 4337 3263 4398 divisit.
3323 4337 3330 4346 ”

806 4504 836 4553 ¹)
864 4502 1097 4549 Nonnulis
1123 4505 1237 4549 locis
1263 4504 1417 4550 scriba
1442 4505 1647 4557 singulos
1673 4520 1834 4553 versus
1859 4510 1980 4553 totos
2005 4509 2207 4560 primum
2239 4507 2411 4554 oblitus
2442 4512 2513 4553 est
2541 4507 2758 4560 scribere.
2786 4506 2956 4552 deinde
2984 4505 3069 4553 hos
3097 4506 3268 4552 litteris

702 4572 911 4624 parvulis
936 4572 1133 4625 scripsit.
1186 4571 1252 4617 Hi
1279 4577 1326 4618 et
1351 4573 1434 4619 alii
1461 4574 1636 4621 codicis
1669 4588 1828 4620 versus
1861 4575 2026 4621 eadem
2062 4575 2352 4628 longitudine
2387 4579 2510 4620 sunt.
2564 4574 2640 4621 Ex
2673 4576 2763 4622 hoc
2799 4578 3018 4627 apparet,
3056 4574 3264 4621 codicem

702 4653 893 4686 aureum
920 4642 1144 4700 scriptum
1161 4653 1260 4694 epse
1276 4641 1530 4688 secundum
1548 4643 1755 4690 codicem
1780 4643 2029 4696 quendam.
2058 4644 2138 4697 qui
2156 4657 2313 4690 versus
2337 4643 2544 4692 eiusdem
2571 4643 2892 4697 longitudinis.
2916 4644 3061 4696 igitur
3082 4644 3267 4689 nullum

700 4706 1045 4758 stiehometrim
1052 4722 1204 4766 usum
1230 4709 1413 4764 habuit.
