3634 5717
366 687 487 753 Fol
531 687 615 752 33
742 750 745 753 ,

441 890 483 956 3
571 886 639 953 in
684 906 763 953 eo
808 884 1108 952 Herodes
1156 893 1306 954 aute
1348 893 1415 953 te

368 980 439 1019 mt
462 973 540 1018 145

370 1027 519 1121 mr²59
573 1039 714 1106 nuit
756 1039 1041 1105 iohanne
1087 1045 1153 1105 et
1198 1035 1406 1121 alliga

370 1129 418 1171 le
446 1129 496 1267 ¹,2
569 1191 666 1258 uit
712 1201 795 1257 eu
837 1198 902 1257 et
949 1188 1169 1274 posuit
1215 1188 1283 1255 in
1329 1209 1441 1255 ear

571 1354 716 1410 cere
764 1348 1032 1428 propter
1073 1339 1305 1408 herodi

572 1496 696 1562 ade
742 1490 1337 1578 uxoremphilippi

447 1652 489 1715 4
577 1645 798 1712 fratris
844 1637 944 1711 sui
988 1643 1251 1711 dicebat
1294 1663 1377 1709 au

575 1803 638 1862 te
684 1797 781 1861 illi
828 1795 1148 1863 iohannes
1192 1815 1323 1861 non
1369 1794 1417 1859 li

444 1943 484 2004 5
572 1955 675 2015 eet
718 1949 837 2014 tibi
885 1946 1128 2014 habere
1173 1958 1252 2014 ee
1296 1953 1362 2013 et
1488 2046 1491 2047 γ

568 2102 797 2167 uolens
843 2100 974 2166 illu'
1010 2099 1309 2167 occidere

568 2252 789 2319 timuit
833 2251 1079 2337 populu
1127 2249 1280 2333 quia

567 2401 1102 2491 sieutpropheta
1144 2411 1225 2468 eu

439 2556 480 2618 6
569 2555 901 2622 habebant
946 2554 1072 2621 Die
1118 2559 1269 2618 aute

365 2646 433 2682 mt
458 2639 536 2681 146

365 2691 517 2784 mrsssso
569 2708 810 2774 natalis
854 2706 1119 2786 herodis
1164 2705 1337 2771 salta

569 2859 666 2924 uit
709 2858 849 2926 filia
891 2856 1271 2925 herodiadis

569 3011 637 3075 in
685 3011 900 3077 medio
946 3016 1013 3078 et
1055 3010 1305 3096 placuit
1347 3009 1432 3074 he

440 3169 477 3232 7
566 3163 712 3229 rodi
758 3163 929 3231 unde
975 3184 1120 3229 eum
1166 3161 1459 3228 iul-amen

571 3322 637 3380 to
682 3316 1013 3399 pollicitus
1059 3321 1161 3384 est
1204 3315 1264 3382 ei
1313 3313 1401 3379 da

570 3487 641 3533 re
687 3467 1004 3551 quodeuq'
1050 3464 1344 3552 postulas

438 3631 479 3694 8
566 3626 667 3685 set
710 3620 795 3685 ab
840 3639 917 3686 eo
958 3626 1026 3686 at
1070 3619 1187 3684 illa
1230 3635 1474 3702 praemo

568 3771 707 3837 nita
746 3793 788 3837 a
831 3777 1037 3837 matre
1083 3790 1203 3836 sua
1245 3767 1334 3835 da
1377 3768 1462 3833 mi

565 3922 631 3986 hi
678 3922 906 4005 inquid
947 3922 1055 3988 hie
1100 3922 1165 3986 in
1212 3920 1394 3986 diseo

569 4074 780 4158 eapud
826 4074 1134 4142 iohannis
1178 4040 1404 4158 baptis

420 4227 478 4297 ,9
564 4233 647 4291 tae
693 4232 759 4291 et
803 4227 1222 4292 contristatus
1269 4231 1369 4291 est

565 4397 679 4443 rex
724 4384 991 4463 propter
1034 4377 1324 4446 iusiuran

565 4530 652 4595 du
701 4537 850 4596 aute
894 4537 960 4597 et
1005 4550 1116 4595 eos
1158 4528 1263 4612 qui
1313 4549 1402 4612 pa

566 4682 724 4748 riter
763 4684 1161 4749 recubabant

1484 682 1670 749 Mtc
1719 684 1798 750 14

1726 885 1806 951 10
1892 883 2082 950 iussit
2134 882 2278 950 dari
2323 884 2563 968 misitq'
2609 892 2674 952 et

1897 1036 2227 1103 deeolauit
2270 1035 2600 1103 iohanueu
2645 1038 2713 1102 in

1730 1176 1803 1240 ll
1897 1208 2158 1255 earcere
2204 1195 2268 1254 et
2311 1188 2539 1256 adlato
2586 1196 2687 1255 est

1898 1339 2114 1424 capud
2160 1340 2300 1406 eius
2346 1340 2411 1405 in
2452 1339 2636 1407 diseo
2683 1348 2749 1407 et

1896 1489 2055 1557 dato
2101 1498 2200 1557 est
2244 1491 2481 1576 puellae
2503 1476 2593 1559 ‘et
2636 1492 2785 1559 tulit

1730 1634 1805 1699 12
1895 1641 2086 1707 matri
2133 1662 2266 1707 suae
2307 1650 2374 1709 et
2418 1644 2702 1712 aeceden

1894 1799 1993 1858 tes
2040 1793 2348 1878 discipuli
2393 1795 2533 1863 eius
2579 1798 2712 1864 tule
2843 1822 2856 1829 ”

1892 1953 2042 2011 runt
2087 1966 2320 2030 eorpus
2367 1954 2433 2014 et
2477 1949 2687 2033 sepeli

1892 2104 2080 2162 erunt
2122 2096 2284 2163 illud
2332 2105 2398 2164 et
2441 2100 2676 2186 uenien

1891 2253 1989 2314 tes
2036 2250 2501 2318 nuntiauerant

1724 2398 1802 2463 13
1890 2399 2004 2463 nm
2048 2400 2235 2479 Quod
2281 2413 2360 2468 οὐ
2406 2380 2702 2470 audisset

1686 2494 1729 2645 ῖς,
1754 2587 1806 2628 92
1893 2551 1997 2616 ihs
2042 2554 2315 2619 secessit
2362 2555 2516 2622 inde
2562 2556 2626 2620 in

1686 2650 1700 2679 ¹
1892 2702 2198 2771 nauicula
2237 2705 2301 2772 in
2350 2702 2499 2772 loesi
2544 2707 2738 2775 deser

1890 2825 1962 2921 tu
2006 2867 2233 2922 seorsu
2279 2863 2345 2925 et
2389 2869 2467 2923 eu
2514 2859 2704 2925 audis

1887 3015 2037 3073 sent
2081 3010 2284 3075 turbae
2329 3015 2567 3077 seeutae

1888 3166 2039 3225 sunt
2077 3180 2223 3228 eum
2271 3162 2607 3246 pedestres

1722 3302 1802 3366 14
1888 3312 1971 3378 de
2012 3313 2327 3380 ciuitatib'
2373 3320 2437 3381 et
2478 3315 2705 3381 exiens

1887 3466 2054 3533 uidit
2097 3467 2286 3532 turbe
2329 3466 2598 3533 multam

1887 3624 1952 3684 et
1997 3617 2300 3685 misertus
2346 3625 2447 3686 est
2493 3619 2632 3685 eius

1888 3776 1952 3835 et
1995 3762 2584 3837 curauit'infirmos

1721 3930 1797 3994 15
1886 3932 2043 3988 eoru
2088 3922 2379 4008 Uespere
2423 3928 2572 3989 aute

1681 4020 1750 4058 mt
1773 4013 1851 4057 143

1710 4066 1830 4161 “¹⁶4
1886 4074 2059 4140 faeto
2106 4062 2523 4141 accesserunt

1682 4132 1725 4212 ilc
1753 4170 1804 4215 93

1682 4220 1803 4263 ⁵⁰⁴⁸
1888 4226 1974 4293 ad
2019 4246 2163 4292 eum
2211 4225 2517 4310 discipuli
2565 4229 2704 4295 eius

1885 4377 2178 4443 dieentes
2226 4376 2522 4445 desertus

1880 4528 2060 4595 loeus
2106 4535 2207 4594 est
2250 4536 2316 4595 et
2359 4530 2523 4596 hora
2565 4530 2630 4595 ἰῑι

1790 4690 1803 4701 “
1880 4681 2198 4764 praeteriit

2831 685 2910 749 61
