3634 5717
2811 719 2932 780 XV

373 899 498 975 Ego
544 900 858 962 Aelfredus
913 901 1031 962 dux
1076 901 1416 976 Verburgae
1462 914 1523 963 et
1567 904 1898 974 AJhtrytae
1952 905 2105 965 filiae
2163 916 2396 967 nostrae
2457 910 2742 968 communi
2802 919 2935 981 post

373 987 596 1047 obitum
640 1009 830 1048 meum
874 988 1018 1048 haec
1060 989 1300 1060 praedia
1345 990 1493 1047 dono
1539 1010 1668 1048 cum
1714 991 1992 1049 armentis
2041 1002 2103 1051 et
2146 994 2299 1064 agris
2344 1003 2405 1051 et
2447 994 2712 1053 omnibus
2760 993 2931 1053 rebus

373 1093 441 1132 eo
486 1074 967 1145 pertinentibus·
1026 1073 1210 1134 Simul
1270 1095 1399 1134 cum
1459 1075 1550 1133 his
1596 1075 1852 1146 praediis
1897 1075 2010 1134 duo
2056 1077 2237 1136 millia
2281 1098 2585 1149 porcorum
2630 1080 2716 1139 eis
2761 1080 2930 1154 (10110,

372 1160 457 1218 ita
521 1161 757 1231 quidem
819 1161 869 1218 si
936 1161 994 1218 in
1062 1181 1132 1219 ea
1196 1161 1534 1219 sinceritate
1609 1158 1954 1235 (caelibatu)
2020 1163 2213 1240 vivet,
2290 1164 2360 1222 de
2428 1185 2544 1235 qua
2611 1166 2763 1224 inter
2830 1185 2930 1224 nos

372 1246 660 1322 convenit,
708 1257 769 1304 et
813 1244 1027 1304 Sancto
1074 1245 1253 1304 Petro
1300 1246 1415 1304 duo
1460 1265 1588 1304 mea
1654 1246 1957 1318 »vergeld«
2025 1249 2577 1321 (compensationem
2623 1269 2726 1320 pro
2771 1251 2931 1310 caede

373 1331 621 1390 hominis
640 1335 697 1404 ?)
745 1330 985 1407 dabunt,
1030 1334 1079 1389 si
1125 1331 1353 1390 volente
1387 1330 1495 1390 deo
1525 1331 1673 1389 hanc
1726 1331 1979 1390 »fereld«
2032 1353 2219 1393 meam
2265 1335 2596 1408 (pecuniam
2641 1336 2836 1395 obitus
2881 1357 2927 1397 s.

371 1418 642 1491 mortis?)
691 1415 1051 1477 obtinebunt.
1113 1416 1196 1475 Et
1228 1425 1361 1488 post
1390 1413 1613 1475 obitum
1650 1416 1989 1489 Verburgae
2035 1419 2176 1477 haec
2220 1419 2458 1491 praedia
2502 1421 2657 1492 apud
2687 1420 2931 1480 Sonder-

370 1501 539 1572 styde
586 1513 647 1561 et
692 1501 847 1574 apud
892 1501 1210 1561 Selesdune
1274 1513 1332 1561 et
1388 1502 1541 1573 apud
1585 1501 1975 1573 Leangafelda
2019 1503 2315 1575 Alhtryta
2368 1507 2492 1564 siue
2538 1508 2932 1566 controversia

370 1597 579 1648 sumat.
647 1587 730 1646 Et
774 1588 825 1646 si
870 1588 925 1646 ei
969 1598 1172 1659 partus
1218 1589 1534 1662 continget,
1581 1587 1722 1645 haec
1766 1588 2006 1658 praedia
2035 1599 2167 1661 post
2198 1590 2420 1649 obitum
2465 1592 2591 1650 eius
2636 1602 2828 1651 sumat
2858 1594 2930 1670 is,

370 1674 471 1743 qui
513 1693 587 1732 ex
630 1693 699 1732 ea
744 1683 1032 1733 nascetur.
1125 1672 1187 1732 Si
1248 1683 1451 1744 partus
1506 1692 1618 1730 non
1672 1673 1988 1748 continget,
2057 1676 2352 1746 proximus
2420 1697 2489 1734 ex
2557 1697 2695 1736 vera
2758 1688 2929 1750 gente

369 1767 612 1828 paterna
677 1759 802 1817 eius
868 1759 1039 1818 heres
1084 1758 1228 1818 haec
1271 1758 1511 1829 praedia
1555 1778 1684 1816 cum
1731 1758 1904 1817 rebus
1963 1779 2031 1818 eo
2097 1762 2525 1831 pertinentibus
2591 1775 2801 1838 sumat,
2870 1773 2932 1821 et

370 1842 578 1902 deinde
622 1844 962 1915 cuicumque
1007 1864 1078 1903 ex
1124 1855 1367 1915 paterna
1408 1853 1580 1916 gente
1626 1864 1753 1901 mea
1792 1845 2038 1903 facultas
2068 1847 2184 1904 erit
2212 1846 2455 1905 aliorum
2498 1868 2726 1919 quoque
2770 1868 2931 1919 prae-

369 1927 595 1988 diorum
641 1930 1033 2004 emendorum,
1094 1931 1142 1987 is
1190 1930 1330 1988 haec
1374 1929 1614 2000 praedia
1658 1929 1898 1988 dimidio
1944 1932 2120 2001 pretii
2165 1932 2368 1990 solvat.
2457 1932 2540 1991 Et
2583 1935 2930 2005 quicumque

368 2015 605 2084 praedio
638 2015 791 2087 apud
824 2014 1179 2087 Cloppaham
1210 2024 1343 2086 post
1378 2014 1601 2074 obitum
1646 2035 1837 2073 meum
1880 2016 2086 2090 utitur,
2136 2018 2446 2087 quotannis
2490 2039 2554 2076 66
2605 2021 2920 2092 »peninga«

369 2097 738 2173 Gortesegiae
783 2101 883 2159 det
927 2121 1031 2172 pro
1076 2102 1267 2159 anima
1300 2099 1567 2158 Aelfredi
1598 2099 1671 2157 ad
1709 2101 1930 2158 victum
1975 2101 2328 2174 cultumque.
2418 2103 2501 2162 Et
2545 2104 2694 2164 dono
2728 2105 2930 2165 Aehel-

367 2185 556 2262 valdo,
622 2186 741 2244 filio
786 2205 933 2262 11160,
1001 2185 1101 2244 ΙΠ
1146 2186 1285 2244 hida
1328 2186 1573 2256 praedii.
1643 2184 1708 2243 II
1764 2185 1905 2243 hida
1963 2186 2116 2257 apud
2162 2188 2547 2248 Hvaetedune
2605 2200 2667 2248 et
2712 2189 2744 2248 I
2791 2191 2929 2249 hida

367 2271 519 2341 apud
552 2271 877 2348 Gatatune3
923 2282 1226 2343 praeterea
1271 2270 1315 2330 C
1361 2291 1494 2329 sues
1541 2271 1595 2328 ei
1643 2270 1734 2330 do,
1826 2270 1908 2329 Et
1952 2273 2002 2329 si
2047 2285 2282 2343 praeter
2326 2276 2435 2333 hoc
2479 2276 2781 2347 praedium
2827 2296 2930 2334 rex

368 2375 567 2426 agrmn
611 2356 904 2427 publicum
950 2359 1002 2415 ei
1050 2357 1345 2432 concedet,
1390 2357 1542 2414 hunc
1588 2376 1816 2427 quoque
1861 2357 2154 2428 possideat
2201 2370 2264 2418 et
2306 2380 2373 2419 eo
2419 2369 2648 2438 utatur3
2695 2361 2745 2419 si
2790 2381 2927 2420 vero

368 2439 481 2497 hoc
525 2462 636 2499 non
682 2442 819 2516 fiet,
877 2441 1017 2500 dent
1082 2443 1137 2500 ei
1195 2452 1393 2500 utrum
1436 2442 1650 2516 velint,
1714 2443 1838 2500 sive
1893 2443 2194 2514 praedium
2241 2446 2394 2516 apud
2441 2445 2760 2519 Horsalege
2804 2448 2928 2505 sive

372 2526 526 2596 apud
570 2526 976 2598 Leangafelda.
1068 2527 1149 2585 Et
1214 2526 1286 2585 do
1331 2527 1643 2598 Bcrhtsigo
1710 2537 1953 2599 cognato
2017 2548 2143 2588 meo
2211 2530 2243 2587 I
2305 2531 2444 2590 hida
2504 2532 2729 2602 praedii
2774 2533 2928 2604 apud

372 2611 797 2671 Laencanfelda
840 2613 1092 2684 itemque
1125 2611 1171 2672 O
1210 2633 1374 2688 sues3
1421 2624 1481 2672 et
1525 2614 1625 2672 det
1671 2614 1719 2670 is
1764 2613 2042 2673 ecclesiae
2074 2613 2294 2674 Christi
2329 2615 2374 2675 C
2419 2636 2553 2675 sues
2599 2637 2702 2688 pro
2747 2638 2837 2677 me
2870 2628 2931 2676 et

367 2717 473 2767 pro
518 2698 710 2757 anima
753 2717 881 2757 mea
923 2709 984 2757 et
1029 2697 1431 2770 Oeortesegiae
1477 2697 1557 2772 Ο,
1615 2708 1677 2756 et
1734 2699 1888 2770 quod
1933 2699 2219 2770 reliquum
2267 2713 2377 2779 681,
2430 2722 2536 2774 per
2578 2705 2931 2763 monasteria

366 2783 756 2842 distribuatur
799 2784 1056 2843 ecclesiis
1096 2784 1574 2857 sutregiensibus
1621 2794 1681 2841 et
1712 2782 2031 2862 CantianiS,
2076 2787 2354 2857 quamdiu
2396 2788 2504 2847 hae
2533 2799 2785 2851 manent.
2847 2789 2930 2849 Et

366 2867 439 2926 do
485 2867 783 2942 Sigevulfo
843 2879 1082 2942 cognato
1141 2891 1269 2929 meo
1337 2880 1479 2941 post,
1528 2869 1753 2927 obitum
1798 2869 2139 2942 Verburgae
2185 2874 2486 2943 praedium
2533 2876 2686 2947 apud
2731 2875 2928 2934 Netel-

364 2954 694 3030 hamstyde,
738 2965 799 3014 et
829 2954 1088 3028 Sigulfus
1133 2976 1208 3014 ex
1252 2956 1361 3014 hoc
1407 2955 1643 3026 praedio
1676 2953 1722 3013 O
1776 2956 2130 3028 »penninga«
2183 2959 2459 3019 ecclesiae
2491 2957 2714 3019 Christi
2745 2961 2926 3034 dabit,

365 3052 422 3100 et
470 3042 735 3113 quisquis
778 3042 949 3101 heres
980 3052 1113 3112 post
1148 3061 1282 3100 eum
1313 3041 1420 3099 hoc
1450 3040 1751 3112 praedium
1782 3044 2094 3120 acceperit,
2125 3043 2400 3103 ecclesiae
2433 3043 2654 3104 Christi
2686 3046 2927 3105 eandem

364 3126 788 3198 eleemosynam
831 3147 935 3199 pro
981 3128 1174 3186 anima
1211 3125 1477 3185 Aeli-'redi
1524 3126 1706 3202 dabit,
1751 3128 2029 3198 quamdiu
2070 3128 2395 3199 baptismus
2436 3130 2825 3190 celebrabitur
2868 3141 2930 3189 et

366 3231 589 3271 summa
654 3213 932 3284 pecuniae
998 3233 1071 3271 ex
1127 3213 1238 3271 hoc
1298 3212 1534 3282 praedio
1580 3212 1919 3283 accipietur.
2009 3212 2091 3271 Et
2133 3213 2425 3293 Eadredo,
2491 3225 2732 3290 cognato
2777 3235 2926 3292 11160,

365 3298 668 3369 praedium
711 3298 865 3370 apud
910 3298 1185 3370 Fearlege
1252 3307 1385 3368 post
1442 3297 1665 3356 obitum
1712 3297 2022 3358 Aehelredi
2068 3299 2170 3376 (10,
2238 3301 2290 3358 81
2343 3320 2411 3359 ea
2477 3322 2552 3368 re,
2585 3301 2821 3373 dignum
2865 3322 2927 3360 86

367 3383 601 3460 reddet3
650 3385 812 3455 isque
857 3404 931 3442 ex
960 3404 1028 3442 eo
1058 3384 1295 3454 praedio
1327 3383 1636 3453 quotannis
1659 3382 1850 3441 XXX
1886 3382 2131 3461 [sestra]
2161 3386 2437 3445 frumenti
2460 3386 2927 3446 Hrofescestriae

368 3468 549 3530 dabit.
636 3469 721 3527 Et
784 3469 1137 3528 inscribatur
1196 3477 1654 3540 agnoscaturque
1720 3478 1855 3540 post
1906 3469 2130 3528 obitum
2174 3470 2430 3530 Eadredi
2475 3472 2584 3531 hoc
2627 3473 2928 3544 praedium

366 3573 539 3613 verae
583 3554 773 3626 gentis
803 3563 1098 3612 maternae
1131 3553 1398 3611 Aelfredi
1443 3572 1591 3629 6886,
1636 3554 1913 3624 quamdiu
1954 3554 2278 3626 baptismus
2309 3558 2367 3614 in
2398 3557 2587 3616 insula
2610 3558 2929 3630 Anglorum

365 3639 772 3700 celebrabitur.
836 3638 966 3696 Hoc
1010 3648 1241 3710 pactum
1273 3649 1335 3696 et
1367 3638 1475 3696 hae
1520 3637 1773 3714 litterae,
1819 3659 1968 3711 quae
2013 3661 2189 3712 supra
2233 3642 2484 3713 scriptae
2530 3653 2686 3721 sunt,
2741 3663 2927 3703 meam

369 3724 637 3783 Aelfredi
681 3724 1040 3782 voluntatem
1084 3725 1404 3801 continent,
1472 3743 1683 3794 easque
1726 3725 1872 3783 mihi
1917 3734 2092 3797 atque
2135 3726 2448 3786 heredibus
2495 3730 2638 3787 meis
2684 3730 2927 3800 posthac

369 3810 703 3869 immutatas
750 3809 1072 3868 confirmari
1117 3808 1265 3869 volo,
1330 3807 1447 3868 Sed
1492 3809 1541 3867 si
1588 3809 1695 3868 deo
1742 3811 2127 3882 omnipotenti
2157 3811 2412 3883 placebit
2440 3812 2747 3885 aliquando
2779 3815 2924 3891 fore,

367 3905 437 3954 ut
479 3895 623 3953 mihi
667 3895 958 3954 masculus
987 3895 1157 3954 heres
1186 3895 1471 3967 genuinus
1503 3895 1730 3954 oriatur
1759 3917 1825 3954 ac
1856 3906 2148 3974 nascatur,
2193 3898 2330 3956 huic
2375 3918 2480 3971 ego
2524 3909 2658 3970 post
2702 3900 2926 3959 obitum

367 4000 559 4039 meum
604 3990 783 4039 totam
830 3981 1214 4040 hereditatem
1247 4000 1433 4039 meam
1462 3981 1734 4059 concedo,
1779 4002 1894 4053 quo
1938 3982 2108 4041 modo
2139 3983 2253 4054 ipsi
2282 3982 2553 4058 placebit,
2599 3984 2924 4047 fruendam.

368 4064 451 4125 Et
494 4067 840 4137 quicumque
886 4067 990 4124 has
1036 4067 1428 4138 possessiones
1474 4076 1536 4127 et
1578 4067 1723 4126 haec
1763 4067 1913 4126 dona
1952 4077 2015 4125 et
2040 4068 2147 4126 has
2188 4068 2416 4127 litteras
2463 4079 2524 4127 et
2568 4070 2710 4130 haec
2752 4071 2931 4130 verba

368 4161 527 4210 recte
571 4150 828 4211 servabit
871 4161 933 4210 et
976 4162 1346 4227 exsequetur,
1409 4152 1564 4211 hunc
1623 4172 1724 4210 rex
1776 4152 2066 4212 caelorum
2111 4153 2172 4211 111
2214 4155 2509 4225 praesenti
2551 4155 2660 4214 hac
2703 4156 2828 4215 vita
2870 4165 2933 4215 et

370 4237 428 4295 in
472 4236 674 4296 futura
716 4238 1047 4297 conservet!
1139 4236 1253 4296 Sed
1309 4239 1656 4309 quicumque
1723 4258 1791 4296 ea
1844 4247 2070 4296 evertet
2123 4249 2226 4297 aut
2283 4239 2538 4316 franget,
2598 4241 2734 4301 huic
2787 4241 2930 4299 deus

369 4322 732 4394 omnipotens
777 4323 1119 4382 felicitatem
1164 4332 1225 4382 et
1268 4323 1492 4382 animae
1536 4323 1814 4382 honorem
1861 4323 2116 4382 evertat!

538 4408 657 4468 Hic
700 4409 932 4467 nomina
974 4429 1174 4468 eorum
1218 4408 1474 4467 virorum
1518 4409 1738 4480 scripta
1780 4419 1936 4482 sunt,
1982 4409 2082 4479 qui
2128 4409 2302 4468 huius
2348 4412 2432 4469 161
2477 4419 2661 4470 168168
2705 4421 2863 4483 sunt.

538 4492 663 4566 Ego
696 4494 1033 4554 Aeberedns
1079 4494 1547 4565 archiepiscopus
1593 4494 1754 4564 signo
1800 4504 2035 4552 sanctae
2067 4491 2289 4553 Christi
2335 4497 2523 4553 crucis
2568 4497 2712 4555 haec
2741 4495 2919 4554 verba

367 4588 430 4637 et
473 4579 577 4637 has
621 4578 851 4637 litteras
896 4579 1166 4638 confirmo
1213 4589 1276 4638 et
1317 4578 1636 4637 subscribo,
1727 4578 2042 4637 Aelfredus
2087 4579 2225 4638 dux.
2271 4613 2355 4622 —-
2400 4580 2708 4652 Verburga
2765 4591 2912 4639 etos

540 4661 825 4735 Compara
867 4666 983 4722 iam
1025 4664 1168 4723 haec
1211 4663 1389 4722 verba
1432 4683 1563 4722 cum
1603 4664 1980 4735 inscriptione
2027 4665 2086 4723 in
2130 4664 2327 4723 codice
2372 4684 2576 4742 aureo3
2623 4663 2929 4737 apparebit

367 4749 523 4808 haud
567 4748 762 4826 dubie,
806 4758 1118 4821 utrumque
1164 4748 1506 4808 Aelfredum
1554 4748 1758 4807 ducem
1802 4769 1983 4808 unum
2025 4749 2386 4820 eundemque
2433 4766 2587 4808 esse:
