3634 5717
736 607 821 673 24

736 811 878 856 mtlfl
941 809 1046 876 ihs
1091 812 1265 895 quod
1311 807 1618 876 iohannis
1661 815 1766 874 tra

733 914 779 957 le
804 861 857 957 177

772 1102 850 1168 13

778 1868 857 1932 14

775 2327 853 2393 15

782 2939 861 3004 16

785 3850 859 3914 17

745 3932 809 3978 Βι·
834 3934 859 3976 7

744 3989 815 4029 mt
821 3985 890 4079 τω

746 4087 868 4132 mr?

941 962 1116 1030 ditus
1161 968 1337 1031 esset
1380 960 1655 1028 secessit

940 1116 1008 1181 in
1055 1115 1304 1200 galilea
1348 1122 1415 1182 et
1457 1113 1693 1180 relicta
1732 1116 1737 1122 ’

939 1267 1211 1336 ciuitate
1249 1272 1519 1334 nazaret
1560 1285 1643 1331 ue

1778 611 1933 672 seov
1977 604 2071 670 Mt
2110 604 2159 670 C
2203 605 2248 669 4

2104 808 2182 871 18

2062 896 2130 935 mt
2154 894 2207 935 20

2059 945 2179 1040 nil-68

938 1420 1037 1488 nit
1081 1428 1147 1487 et
1192 1417 1520 1486 habitauit
1550 1376 1630 1483 ‘in
1677 1437 1758 1483 ea

944 1573 1250 1659 pharnafi
1296 1569 1639 1648 maritima,

945 1727 1013 1792 in
1057 1724 1235 1792 finib'
1278 1723 1557 1791 zabulon
1603 1730 1670 1791 et

944 1876 1243 1962 nephtali
1291 1882 1361 1942 ut
1404 1875 1749 1961 adinplere

943 2035 1046 2095 tur
1085 2028 1257 2112 quod
1304 2027 1485 2095 dietfi
1529 2033 1632 2095 est

943 2201 1063 2266 per
1099 2179 1350 2248 esaiam
1397 2179 1648 2265 prophe

941 2338 1012 2401 ta
1055 2332 1316 2401 dieente
1356 2340 1534 2398 terra
1575 2353 1654 2398 za

943 2486 1139 2553 bulon
1183 2493 1248 2552 et
1290 2492 1469 2554 terra
1499 2505 1641 2570 ·nep

942 2637 1176 2704 thalim
1222 2638 1333 2704 uia
1377 2637 1578 2704 maris
1622 2643 1683 2702 tr

948 2807 1067 2854 ans
1109 2787 1428 2855 iordauen
1474 2788 1680 2872 galile

948 2958 1028 3006 ae
1072 2939 1303 3023 gentifi
1349 2941 1630 3024 populus

935 3091 1056 3175 qui
1095 3089 1372 3158 sedebat
1411 3091 1478 3158 in
1525 3099 1678 3158 tene

945 3242 1080 3309 bris
1125 3242 1268 3310 luee
1313 3241 1482 3309 uidit
1523 3262 1680 3326 mag

948 3406 1034 3459 na
1077 3400 1145 3461 et
1187 3392 1507 3461 sedentib’
1552 3395 1620 3460 in
1664 3415 1734 3461 re

949 3545 1149 3630 gione
1191 3548 1461 3614 umbrae
1508 3569 1648 3615 mor

948 3696 1034 3762 tis
1077 3697 1191 3763 lux
1235 3705 1382 3765 orta
1425 3705 1528 3765 est
1570 3699 1669 3767 eis

948 3848 1208 3915 Exinde
1253 3816 1477 3933 eoepit
1515 3849 1619 3917 ihs

950 3999 1310 4084 praedieare
1359 4007 1426 4069 et
1469 4001 1689 4071 dieere

952 4154 1358 4237 poenitentia
1400 4156 1582 4239 agite

949 4304 1506 4391 adpropinquauit
1551 4319 1659 4372 eni

947 4458 1157 4541 regnfi
1203 4458 1504 4525 oaelorum

2101 2021 2178 2085 19

2061 2109 2131 2150 mt
2154 2106 2204 2150 21

2061 2207 2208 2304 {igi-330

2098 2951 2180 3016 21

2066 3040 2137 3080 mt
2159 3036 2213 3079 22

2063 3152 2135 3183 mr
2159 3139 2208 3182 u

2099 4308 2184 4372 22

2277 805 2633 872 Ambulans
2675 812 2828 874 aute
2874 805 2978 871 ihs

2267 957 2452 1022 iuxta
2495 978 2675 1025 mare
2719 957 2943 1042 galilae

2267 1132 2346 1178 ae
2391 1110 2561 1177 uidit
2605 1110 2770 1178 duos
2815 1111 3052 1180 fratres

2265 1263 2520 1330 simone
2561 1263 2671 1348 qui
2716 1283 2884 1332 noea

2266 1381 2371 1480 tur
2413 1422 2639 1501 petrus
2679 1423 2745 1482 et
2786 1415 2993 1482 andre

2267 1588 2370 1634 am
2418 1567 2621 1635 fratre
2666 1567 2809 1635 eius
2849 1567 2970 1634 mit

2267 1725 2481 1820 tentes
2527 1721 2696 1787 retia
2740 1720 2844 1788 «in
2886 1742 2997 1789 ma

2266 1891 2372 1937 re»
2416 1891 2554 1940 sua.
2603 1880 2793 1940 erant
2832 1885 2941 1939 eni

2267 2023 2631 2107 piscatores
2677 2026 2761 2092 Et
2804 2025 2901 2094 ait
2942 2026 2988 2091 il

2268 2175 2354 2244 lis
2398 2178 2620 2247 uenite
2665 2186 2816 2266 post
2859 2199 2964 2245 me
3007 2186 3076 2244 et

2274 2329 2512 2398 faciam
2558 2351 2675 2398 nos
2719 2331 2863 2398 fieri

2273 2483 2640 2566 piscatores
2685 2482 2952 2550 homin?

2272 2640 2341 2699 at
2383 2633 2484 2702 illi
2530 2635 2841 2703 continuo
2883 2657 2954 2704 re

2271 2785 2447 2854 lictis
2493 2786 2677 2854 retib'
2723 2749 2931 2856 seeuti

2271 2945 2424 3005 sunt
2467 2959 2615 3007 enm
2660 2940 2743 3007 Et
2785 2960 2904 3025 pro

2271 3091 2513 3158 eedens
2558 3083 2715 3159 inde
2755 3092 2928 3160 uidit

2269 3243 2438 3310 alios
2481 3243 2645 3310 duos
2693 3244 2929 3340 fratres

2269 3395 2506 3462 iacobfi
2552 3395 2822 3464 zebedei
2866 3404 2934 3462 et

2270 3547 2556 3617 iohanne
2601 3549 2872 3616 fratrem

2272 3698 2412 3766 eius
2459 3699 2525 3766 in
2576 3702 2732 3768 navi
2777 3712 2857 3767 on
2901 3701 3060 3776 zebe

2271 3848 2396 3917 deo
2440 3859 2633 3935 patre
2674 3853 2938 3936 ‚illorum

2273 4003 2646 4071 reficientes
2691 4006 2863 4073 retia

2274 4176 2394 4222 sua
2439 4162 2506 4223 et
2552 4157 2972 4247 uocauit-eos

2270 4315 2339 4373 at
2381 4307 2480 4373 illi
2527 4309 2836 4375 continuo
2879 4329 2952 4377 re

2272 4459 2447 4526 lictis
2491 4461 2677 4528 retib'
2722 4461 2928 4530 seeuti

2272 4620 2425 4679 sunt
2468 4613 2550 4680 θῇ
