3634 5717
339 680 458 746 Fol
506 681 628 747 153
1370 681 1567 748 iohan
1612 682 1665 748 O
1712 686 1744 749 1
1793 684 1835 749 2

369 885 453 950 49
545 883 683 950 uidi
729 892 797 950 te
839 883 1186 968 respondit

545 1038 606 1102 ei
647 1034 1053 1103 nathanahel
1098 1037 1285 1103 rabbi

544 1198 613 1257 tu
658 1210 729 1257 es
776 1187 948 1254 filius
993 1188 1062 1255 di
1107 1198 1178 1256 tu
1223 1211 1294 1257 es

367 1347 454 1411 50
540 1362 655 1408 rex
702 1340 969 1408 israhel.
1015 1342 1278 1426 Respon

447 1484 452 1488 ⁴
544 1495 642 1561 dit
686 1495 791 1560 ihs
836 1502 901 1559 et
939 1492 1111 1559 dixit
1154 1493 1217 1562 ei
1258 1494 1413 1577 qvia

545 1647 683 1714 dixi
728 1645 848 1726 tihi
892 1645 1032 1712 nidi
1079 1654 1145 1712 te

547 1801 626 1865 οὖ
673 1818 854 1868 esses
894 1799 1015 1865 suh
1062 1744 1221 1866 arbe

548 1973 618 2019 re
661 1952 823 2019 fieus
870 1958 1222 2036 propterea

549 2104 763 2172 eredis
808 2104 1064 2171 maiora
1099 2104 1205 2171 his

372 2265 452 2329 51
547 2255 803 2323 uidebis
848 2255 1161 2324 uidebitis

547 2411 693 2477 eelfi
738 2411 974 2495 apertfi
1021 2416 1088 2476 et
1131 2429 1308 2493 ange

546 2564 646 2630 los
691 2563 761 2629 di
808 2561 1244 2631 assendentes

548 2722 614 2782 et
658 2716 1137 2783 descendentes

546 2882 745 2954 snpra
787 2868 930 2935 filiii
970 2867 1255 2934 hominis

342 3011 405 3141 ἓ
429 3012 478 3140 42
547 3021 628 3086 Et
673 3020 783 3088 die
826 3020 1024 3088 tertia
1069 3020 1254 3103 nupti

548 3194 627 3241 ae
672 3176 888 3241 saetae
934 3179 1085 3239 sunt
1128 3172 1196 3237 in
1244 3172 1369 3238 eha

549 3347 718 3394 naan
767 3326 1056 3411 galileae
1100 3333 1166 3391 et
1211 3332 1353 3390 erat

418 3473 458 3537 2
546 3487 755 3545 mater
798 3478 915 3544 ihfi
959 3478 1052 3544 ihi
1095 3497 1262 3544 noea

545 3638 649 3698 tus
695 3637 847 3699 ante
893 3636 1036 3697 erat
1081 3631 1185 3695 ihs
1226 3636 1293 3697 et

546 3782 854 3868 discipuli
898 3782 1040 3849 eius
1085 3780 1171 3848 ad
1218 3801 1349 3866 nup

418 3933 459 3997 3
546 3936 675 4002 tias
720 3943 786 4002 et
830 3934 1178 4001 definiente

545 4088 700 4154 uino
746 4088 908 4154 dieit
952 4096 1161 4153 mater
1206 4085 1315 4151 ihv

546 4239 630 4305 ad
676 4249 759 4307 en
805 4239 964 4305 uinfi
1010 4260 1141 4306 non
1186 4209 1436 4305 habent

417 4386 461 4450 4
547 4400 613 4457 et
656 4390 819 4458 dieit
863 4391 926 4458 ei
973 4392 1080 4457 ihs
1126 4390 1285 4475 quid

547 4545 704 4610 mihi
748 4552 814 4610 et
859 4544 980 4610 tibi
1025 4552 1126 4610 est
1173 4562 1276 4607 mn

442 4861 598 4914 Codex
624 4877 803 4917 autenm

1748 1042 1790 1107 5

1875 886 2002 952 lier
2044 885 2333 953 nondum
2376 886 2564 953 uenit
2603 886 2699 965 ho,

1878 1060 1954 1106 ra
1992 1060 2161 1107 mea.
2206 1037 2371 1105 dieit
2409 1045 2618 1105 mater

1761 1204 1765 1208 ’
1874 1192 2016 1260 eius
2061 1191 2378 1257 ministris
2419 1192 2593 1276 quod

1874 1345 2081 1427 enmq'
2127 1343 2373 1411 dixerit
2414 1343 2604 1410 nohis

1873 1496 2093 1563 facite.
2139 1496 2347 1562 Erant
2390 1503 2541 1562 ante
2630 1558 2635 1563 .

1873 1649 1966 1715 ibi
2009 1648 2321 1733 lapideae
2365 1648 2644 1733 hydriae

1874 1821 1991 1868 sex
2037 1801 2297 1886 positae
2340 1821 2539 1867 seeun

1872 1954 2025 2020 dum
2074 1952 2531 2038 purificatione

1872 2106 2171 2173 indoeorfi
2217 2055 2558 2190 capientes

1871 2260 2170 2344 singulas
2216 2262 2529 2325 metretas

1873 2412 2065 2479 binas
2109 2411 2216 2479 uel
2263 2416 2506 2477 ternas.

1870 2564 2034 2630 dieit
2077 2563 2176 2631 eis
2217 2562 2320 2629 ihs
2364 2561 2637 2646 implete

1868 2716 2146 2801 hydrias
2192 2735 2367 2800 aqua
2409 2716 2486 2783 et'
2519 2714 2588 2779 in
2621 2720 2631 2732 '

1871 2870 2217 2954 plenernnt
2260 2886 2375 2934 eas
2418 2867 2555 2950 usq’

1871 3021 1956 3089 ad
2001 3023 2278 3088 sfimum.
2325 3026 2393 3086 et
2430 3017 2596 3086 dieit

1869 3175 1967 3241 eis
2010 3173 2117 3240 ihs
2160 3172 2419 3239 haurite
2464 3192 2638 3239 nune

1870 3335 1936 3392 et
1979 3326 2147 3392 ferte
2192 3324 2551 3391 arohitrieli

1868 3500 1953 3545 no
1998 3486 2065 3544 et
2105 3478 2400 3544 feeerunt
2441 3477 2611 3543 sicvt

1731 3633 1773 3696 9
1863 3630 2035 3696 dixit
2078 3628 2215 3695 illis
2259 3634 2329 3693 ut
2369 3633 2521 3694 aute
2567 3649 2689 3713 gvs

1868 3782 2038 3850 tanit
2076 3779 2559 3847 architriclinvs

1870 3940 2043 4020 aqua
2085 3932 2247 4000 uinfi
2293 3925 2486 3998 faetfi‘
2514 3938 2581 3999 et

1867 4108 1997 4154 non
2045 4086 2296 4155 seiebat
2340 4083 2514 4153 unde
2560 4105 2631 4153 es

1868 4248 1970 4308 set
2015 4239 2298 4306 ministri
2343 4245 2497 4306 aute
2542 4239 2639 4306 sei

1870 4394 2071 4461 ebant
2108 4392 2219 4478 qni
2257 4391 2569 4460 hauriera

1870 4554 1942 4613 nt
1987 4566 2242 4630 aquam.
2290 4538 2499 4612 noeat’
2524 4564 2687 4628 spon

2276 4697 2355 4762 Βῆ

2514 4847 2583 4905 m
