3634 5717
436 630 554 696 Fol
599 632 684 697 93

520 991 558 1053 6

439 1073 612 1118 mrz32

657 804 827 899 stola
871 836 1154 901 candida
1198 844 1264 903 et
1308 858 1390 902 ex

651 996 973 1069 pauerunt
1017 987 1141 1066 Qui
1189 989 1358 1054 dixit

515 1126 540 1167 ²
647 1137 742 1202 eis
791 1140 993 1207 nolite
1040 1161 1406 1225 expauesce

525 2812 564 2877 8

448 2896 619 2939 inu-232

522 2949 547 2990 2

617 1310 715 1355 ·re
763 1290 894 1354 ihfn
941 1293 1213 1374 queritis
1262 1315 1346 1358 na

647 1451 888 1506 zarenn
936 1444 1248 1509 crucifixfi
1297 1466 1366 1510 re

650 1594 932 1660 surrexit
977 1616 1103 1660 non
1151 1605 1252 1662 est
1296 1597 1401 1662 hic

655 1745 871 1811 uidete
920 1768 1072 1814 ecce
1118 1748 1296 1813 locus

650 1899 757 1963 ubi
808 1900 1056 1983 positus
1111 1909 1252 1966 erat
1292 1902 1409 1966 sed

651 2050 739 2116 ite
784 2051 985 2117 dicite
1030 2053 1372 2137 discipulis

650 2202 788 2267 eius
836 2212 902 2268 et
947 2164 1334 2288 petro-quia

652 2356 964 2439 praecedit
1009 2378 1124 2423 uos
1167 2358 1231 2421 in
1281 2379 1366 2440 ga

648 2507 824 2573 lilaea
868 2508 955 2574 ibi
1003 2530 1148 2575 eum
1195 2510 1417 2574 uidebi

650 2660 732 2725 tis
777 2661 946 2728 sicut
988 2662 1153 2727 dixit
1198 2662 1383 2728 uobis

646 2790 737 2876 'At
782 2813 912 2877 illae
959 2822 1270 2881 exeuntes
1317 2816 1399 2879 de

651 2974 1066 3030 monumento
1109 2967 1339 3031 inuase

650 3118 965 3207 rat‘enim
1014 3139 1126 3184 eas
1173 3119 1364 3184 timor

555 3342 565 3349 ,
651 3276 715 3333 et
760 3290 965 3351 panor
1010 3278 1073 3335 et
1119 3271 1365 3336 nemini

532 3500 537 3505 .
649 3419 926 3503 quicqua
972 3422 1277 3488 dixerunt

442 3813 506 3859 Br
532 3816 583 3860 47

649 3573 968 3638 timebant
1012 3586 1119 3638 eni

648 3723 937 3807 Surgens
985 3732 1135 3791 aute
1182 3726 1285 3790 ihs

645 3896 836 3941 mane
883 3877 1095 3960 prima
1136 3846 1391 3942 sabbati
1473 3967 1487 3976 ἱ

641 4029 950 4111 apparuit
995 4029 1206 4111 primo
1253 4051 1361 4095 ma

641 4180 754 4244 riae
800 4179 1213 4264 magdalenae
1260 4182 1342 4246 de

642 4351 774 4414 qua
817 4332 1102 4398 eiecerat
1147 4339 1332 4416 septe

639 4482 948 4548 demonia
990 4483 1111 4548 illa
1155 4490 1371 4549 autem

638 4655 1041 4719 praecurrens
1087 4635 1272 4701 nunti

636 4788 776 4854 anit
818 4788 921 4854 his
968 4788 1076 4870 qui
1123 4797 1203 4853 cu
1247 4786 1363 4852 illo
1410 4808 1524 4853 era

636 4950 705 5008 nt
751 4941 1061 5026 lugentib’
1107 4948 1173 5005 et
1218 4939 1460 5004 flentib'

1538 636 1862 702 Mrclss

1806 844 1873 906 11

1806 1303 1884 1365 12

1810 1873 1884 1963 13

1810 2364 1886 2427 14

1806 3734 1883 3798 15

1800 4331 1878 4393 16

1973 846 2038 905 et
2082 840 2180 904 illi
2230 840 2572 907 audientes
2620 841 2774 925 qvia

1973 992 2226 1057 uiueret
2270 1000 2336 1058 et
2379 993 2558 1058 uisus
2605 1013 2675 1059 es
2783 1008 2793 1017 ·

1972 1150 2073 1223 set
2118 1144 2200 1208 ab
2248 1165 2326 1209 ea
2371 1166 2498 1209 non
2540 1143 2717 1210 credi

1973 1294 2208 1359 derunt
2252 1303 2400 1378 post
2443 1295 2584 1362 haec
2628 1317 2710 1361 au

1975 1452 2040 1511 te
2088 1445 2275 1510 dnob’
2321 1467 2401 1510 ex
2449 1447 2551 1512 his
2599 1447 2792 1512 ambv

1962 1598 2200 1689 ‚lantib’
2245 1598 2554 1681 apparuit
2597 1599 2664 1662 in

1974 1749 2107 1813 alia
2153 1748 2439 1831 effigiem
2483 1750 2724 1814 euntib'

1973 1901 2038 1964 in
2088 1901 2247 1965 uilla
2291 1908 2356 1964 et
2401 1901 2497 1965 illi
2545 1922 2668 1967 eun

1973 2058 2071 2117 tes
2118 2052 2582 2118 nuntiauerunt

1974 2205 2211 2269 ceteris
2258 2225 2379 2270 nec
2426 2204 2558 2269 illis
2605 2226 2710 2271 cre

1975 2354 2283 2421 diderunt
2327 2355 2683 2423 nouissime

1971 2514 2121 2571 aute
2170 2506 2631 2572 recumbentib'

1971 2659 2102 2723 illis
2149 2659 2384 2725 undeci
2432 2621 2756 2763 apparuit·

1971 2789 2037 2877 et
2081 2812 2504 2895 exprobrauit
2548 2812 2614 2875 in

1973 2963 2347 3028 credulitati
2394 2962 2585 3028 illorfi

1972 3123 2037 3180 et
2083 3115 2340 3181 duritiae
2387 3114 2602 3181 cordis

1972 3265 2126 3348 quia
2172 3266 2273 3330 his
2321 3266 2429 3348 qui
2477 3266 2782 3331 uiderant

1971 3436 2117 3481 eum
2167 3417 2598 3483 resurrexisse
2691 3448 2696 3454 ·

1972 3588 2101 3630 non
2144 3567 2561 3632 crediderunt

1972 3727 2038 3784 et
2083 3719 2253 3784 dixit
2296 3720 2392 3785 eis
2439 3720 2528 3783 ite
2574 3718 2641 3782 in
2688 3719 2798 3782 vni

1969 3872 2163 3936 uersfi
2211 3871 2457 3937 mundfi
2505 3891 2639 3955 prae

1968 3985 2184 4089 dicate
2230 4024 2649 4107 euangelivm

1969 4176 2291 4242 uniuersae
2338 4184 2653 4242 creaturae

1966 4329 2075 4411 qui
2123 4328 2478 4395 crediderit
2523 4338 2588 4393 et

1961 4480 2330 4563 baptizatus
2379 4480 2574 4546 fuerit

1961 4633 2184 4732 saluus
2231 4633 2356 4698 erit
2402 4633 2510 4716 qui
2559 4651 2714 4696 uero

1966 4805 2095 4849 non
2143 4784 2498 4851 crediderit

1794 4940 1867 5001 17
1959 4939 2377 5005 damnabitur
2424 4938 2619 5020 signa

2167 5080 2317 5138 aute
2433 5124 2462 5145 ,

2867 642 2990 707 183
