3634 5717
773 640 897 707 238
1884 637 2200 708 Loclo

810 843 888 908 12
973 862 1248 927 regnum
1293 842 1381 909 di.
1423 841 1571 910 dico
1619 850 1770 910 aute
1799 843 1991 908 uobis

979 994 1133 1079 quia
1149 994 1439 1062 sodomis
1452 995 1518 1060 in
1536 995 1644 1062 die
1660 995 1777 1062 illa
1795 995 1992 1061 remis

978 1147 1114 1213 sius
1160 1147 1285 1213 erit
1329 1153 1459 1231 qua
1503 1148 1599 1213 ini
1645 1118 1899 1213 ciuitas

811 1302 888 1367 13
975 1300 1092 1366 Uae
1137 1299 1256 1365 tibi
1302 1300 1621 1366 corozain.
1669 1320 1792 1365 nae
1835 1299 1953 1365 tibi

774 1388 943 1533 :1¹⁵2
978 1402 1327 1518 bethsaida
1371 1452 1526 1536 qnia
1554 1452 1612 1517 si
1642 1452 1707 1517 in
1741 1460 1888 1537 tyro
1928 1458 1996 1518 et

979 1604 1210 1669 sidone
1255 1604 1469 1670 factae
1513 1603 1792 1669 fuissent

873 1732 882 1737 .
979 1755 1252 1820 uirtutes
1298 1774 1440 1837 qnae
1487 1755 1551 1819 in
1600 1755 1788 1821 uobis
1831 1757 1939 1821 fac

979 1914 1088 1973 tae
1133 1913 1285 1971 sunt
1326 1906 1417 1970 oli
1463 1906 1530 1970 in
1575 1905 1792 1972 cilicio
1824 1914 1890 1972 et
1934 1906 1991 1970 ci

982 2078 1137 2124 nere
1182 2056 1488 2124 sedentes
1535 2058 1925 2141 paeniterent

818 2207 894 2270 14
982 2211 1140 2277 uerti
1185 2217 1404 2276 tamen
1450 2216 1596 2294 tyro
1633 2216 1698 2275 et
1742 2206 1888 2274 sido

2054 810 2067 819 Α
2134 843 2210 906 19
2298 849 2364 908 et
2413 862 2567 908 eece
2610 840 2764 909 dedi
2824 843 3009 910 nobis
3056 851 3333 929 potesta

2300 1000 2431 1060 tem
2477 995 2779 1062 calcandi
2823 1015 3027 1080 supra
3069 1015 3179 1062 ser

2301 1152 2533 1228 pentes
2578 1154 2644 1212 et
2678 1147 3058 1232 scorpiones
3104 1156 3173 1213 et

2302 1317 2503 1381 snpra
2543 1309 2735 1364 omne
2782 1299 3022 1366 uirtute
3066 1300 3265 1365 inimi
3376 1288 3393 1299 ”

2303 1451 2362 1516 ci
2409 1458 2475 1516 et
2519 1451 2684 1516 nihil
2731 1452 2918 1518 uobis
2960 1454 3225 1520 nocebit

2126 1610 2213 1675 20
2303 1612 2461 1667 ueni
2505 1610 2726 1669 tamen
2772 1603 2839 1668 in
2888 1604 3013 1670 hoc
3058 1606 3269 1671 nolite

2303 1751 2595 1836 gaudere
2640 1756 2795 1838 quia
2837 1762 2953 1841 sps
2996 1757 3182 1823 uobis

2301 1905 2725 1975 subiciuntur.
2772 1908 3060 1993 gaudete
3104 1930 3188 1975 au

2304 2064 2369 2121 te
2416 2063 2491 2140 qo
2537 2060 2803 2126 nomina
2848 2069 3068 2128 uestra
3108 2081 3179 2126 sc

2097 2205 2243 2334 lo2111¹3
2301 2207 2478 2292 ripta
2520 2218 2671 2283 sunt
2713 2211 2780 2276 in
2815 2212 3013 2279 caelis.
3060 2213 3133 2277 In
3171 2211 3325 2297 ipsa

982 2362 1052 2428 ni
1096 2362 1431 2428 remissius
1478 2360 1602 2427 erit
1640 2360 1705 2425 in
1751 2359 1995 2425 iudicio
2099 2342 2265 2437 mam
2302 2359 2468 2426 hora
2511 2362 2832 2429 exultauit
2874 2373 2998 2446 spfl
3044 2375 3156 2430 sco

806 2515 887 2580 15
978 2526 1106 2599 qua
1149 2514 1336 2580 uobis
1382 2520 1447 2579 et
1492 2520 1560 2578 tu
1606 2511 1990 2596 capharnafi

982 2668 1119 2752 usq'
1168 2667 1234 2731 in
1277 2667 1442 2731 caeh'n
1489 2665 1784 2730 exaltata
1822 2664 1960 2747 usq’

983 2818 1070 2887 ad
1114 2818 1372 2883 infermi
1418 2816 1823 2900 demergeris

815 2974 892 3039 16
979 2970 1105 3049 Qui
1149 2989 1266 3035 nos
1311 2967 1498 3035 audit
1540 2989 1645 3034 me
1691 2966 1878 3034 audit

776 3059 819 3102 le
847 3058 923 3100 116

775 3109 919 3204 mt¹m
981 3130 1046 3189 et
1089 3122 1198 3205 qni
1243 3141 1360 3186 uos
1405 3119 1660 3204 spernit
1689 3140 1793 3186 me
1840 3140 1994 3204 sper

773 3212 923 3307 &¹²93
980 3274 1096 3341 nit.
1144 3272 1251 3356 qni
1295 3280 1444 3338 ante
1489 3292 1595 3338 me
1638 3272 1892 3356 spernit

978 3425 1230 3511 spernit
1273 3425 1354 3492 eti
1401 3424 1509 3507 qui
1559 3445 1664 3490 me
1706 3423 1887 3489 misit

817 3586 886 3652 17
980 3577 1248 3643 Reuersi
1291 3583 1442 3642 sunt
1485 3585 1636 3643 ante
1682 3585 1873 3660 septv

773 3685 919 3816 ¹⁰3},¹⁷
980 3730 1211 3814 aginta
1254 3726 1382 3794 dno
1436 3748 1580 3794 cum
1636 3727 1881 3811 gaudio
1926 3725 1992 3792 di

979 3879 1377 3969 centes-dne
1421 3880 1555 3946 etia
1598 3870 1928 3943 daemonia

980 4033 1384 4099 subiciuntur
1425 4029 1622 4107 nobis
1661 4030 1724 4094 in
1773 4051 1859 4095 no

817 4201 893 4266 18
984 4185 1158 4250 mine
1202 4192 1312 4249 tuo
1358 4190 1424 4249 et
1465 4181 1561 4246 ait
1603 4180 1735 4244 illis
1779 4180 1934 4247 uide

983 4337 1068 4402 ba
1111 4342 1389 4401 satanan
1435 4332 1604 4398 sicut
1648 4332 1867 4417 fulgor

1154 4485 1239 4553 de
1281 4485 1442 4551 caelo
1482 4482 1760 4552 cadente

2095 3631 2215 3713 ἔξω

2303 2520 2370 2577 et
2410 2512 2583 2578 dixit
2624 2513 2939 2579 confiteor
2980 2515 3100 2580 tibi
3146 2536 3235 2599 pa

2303 2673 2402 2731 ter
2446 2664 2576 2730 dne
2621 2664 2765 2729 eseli
2811 2674 2879 2732 et
2920 2673 3136 2733 terrae
3181 2667 3268 2751 qd

2305 2814 2706 2883 abscondisti
2755 2817 2895 2883 haec
2939 2840 2981 2885 a
3022 2817 3257 2903 sapien

2305 2970 2415 3035 tib'
2459 2976 2526 3035 et
2570 2968 2936 3053 prudentib'
2980 2978 3045 3037 et
3089 2991 3158 3037 re

2306 3120 2541 3187 uelasti
2586 3141 2668 3186 ea
2711 3121 3005 3205 paruulis
3049 3123 3181 3189 etia

2304 3281 2492 3357 pater
2521 3272 2677 3356 qnia
2698 3272 2797 3338 sic
2821 3244 3233 3357 placnitante
3253 3281 3317 3338 te

2097 3432 2247 3559 121219
2303 3424 2543 3491 Omnia
2579 3423 2741 3491 mihi
2780 3422 3028 3489 tradita
3069 3432 3218 3490 sunt

2116 3529 2142 3559 e

2146 3569 2268 3662 ἕης),
2302 3598 2345 3643 a
2384 3583 2571 3661 patre
2615 3596 2761 3640 meo
2805 3583 2871 3641 et
2916 3594 3106 3640 nemo
3150 3575 3275 3640 scit

2302 3729 2412 3813 qui
2436 3729 2524 3795 sit
2553 3727 2725 3793 filius
2757 3726 2886 3792 nisi
2911 3736 3099 3812 pater
3123 3726 3317 3809 etqui

2093 3826 2410 3971 ἓξὲιῆτοιιί
2458 3879 2736 3947 noluerit
2777 3878 2951 3944 filins
2998 3879 3289 3945 reuelare

2130 4044 2215 4110 23
2304 4035 2385 4099 Et
2428 4051 2782 4098 conuersus
2826 4030 2913 4097 ad
2958 4028 3215 4114 discipv

2098 4130 2270 4276 2232
2303 4188 2404 4252 los
2448 4203 2600 4251 suos
2646 4180 2816 4249 dixit
2860 4181 3036 4249 beati
3083 4201 3201 4247 ocu

2303 4338 2350 4403 li
2398 4338 2508 4420 qui
2553 4337 2780 4403 uident
2825 4354 2970 4420 quae
2998 4353 3118 4400 uos
3162 4332 3320 4400 uide

2133 4487 2217 4551 24
2471 4488 2557 4554 tis
2602 4489 2753 4556 dico
2793 4500 2900 4555 eni
2986 4562 3001 4573 ‚
