3634 5717
757 656 842 722 86

793 1309 876 1374 28

758 1399 827 1439 mt
852 1396 930 1438 209

810 1447 860 1489 10

792 2226 876 2291 29

791 3275 871 3338 31

785 4345 869 4408 32

961 855 1091 920 ihsu
1140 856 1446 923 dixerunt
1488 857 1812 923 nescimvs

961 1007 1056 1073 ait
1100 1008 1233 1074 illis
1278 1015 1346 1076 et
1389 1008 1533 1093 ipse
1579 1029 1700 1075 nec
1744 1028 1870 1092 ego

960 1158 1109 1226 dico
1156 1161 1342 1227 uobis
1387 1159 1454 1224 in
1501 1180 1632 1243 qua
1676 1166 1864 1245 potes

964 1316 1099 1377 tate
1143 1311 1309 1377 haec
1354 1312 1524 1378 facio
1571 1311 1743 1390 Quid

965 1467 1114 1528 aute
1161 1464 1344 1529 uobis
1391 1463 1651 1531 uidetur

962 1613 1155 1680 homo
1199 1615 1484 1681 habebat
1526 1616 1689 1682 duos

963 1763 1134 1830 filios
1181 1772 1247 1831 et
1290 1767 1612 1834 accedeus
1659 1767 1745 1833 ad

964 1915 1179 2000 primu
1219 1916 1389 1983 dixit
1431 1917 1527 1983 fili
1571 1919 1741 1986 uade

965 2066 1161 2133 hodie
1206 2089 1479 2153 operare
1525 2069 1591 2135 in
1640 2071 1791 2139 uine

963 2238 1069 2283 am
1116 2231 1261 2286 mea
1305 2220 1416 2288 ille
1462 2221 1870 2306 respondens

964 2370 1059 2435 ait
1105 2371 1255 2437 nolo
1300 2380 1452 2457 post
1497 2393 1579 2439 ea
1620 2393 1776 2440 uero

961 2522 1372 2606 poenitentia
1414 2530 1626 2591 motus
1671 2547 1715 2592 a

960 2673 1084 2738 biit
1128 2672 1450 2747 accedens
1495 2681 1647 2743 aute
1693 2678 1781 2743 ad

962 2825 1175 2891 alteru
1220 2830 1288 2891 et
1331 2825 1500 2892 dixit
1542 2826 1693 2892 simi

963 2975 1112 3041 liter
1157 2983 1227 3042 at
1271 2975 1384 3044 ille
1428 2979 1756 3062 responde

962 3147 1039 3192 ns
1086 3126 1181 3192 ait
1224 3146 1301 3193 eo
1349 3127 1479 3193 due
1523 3133 1591 3195 et
1634 3150 1764 3196 non

963 3278 1128 3344 abiit
1171 3278 1304 3362 quis
1348 3299 1431 3346 ex
1477 3279 1666 3346 duob'
1712 3282 1805 3347 fe.

958 3429 1049 3495 cit
1092 3430 1426 3497 uoluntate
1469 3433 1677 3517 patris

958 3580 1186 3647 dicunt
1228 3583 1289 3648 ei
1337 3584 1731 3651 nouissimvs

958 3731 1119 3798 dicit
1163 3732 1295 3799 illis
1340 3733 1442 3798 ihs
1487 3756 1680 3803 amen

957 3885 1104 3951 dico
1149 3886 1336 3951 uobis
1383 3886 1538 3970 quia
1581 3888 1762 3972 publi

956 4036 1105 4103 cani
1150 4043 1217 4104 et
1261 4037 1637 4104 meretrices

956 4188 1335 4272 praecedunt
1378 4210 1495 4256 uos
1538 4190 1603 4256 in
1649 4212 1766 4276 reg

957 4360 1041 4405 no
1074 4339 1154 4405 .di
1200 4341 1383 4407 uenit
1427 4341 1599 4408 enim
1645 4342 1733 4410 ad

956 4511 1073 4557 uos
1119 4491 1439 4560 iohannes
1484 4494 1552 4560 in
1597 4494 1709 4561 uia

1875 652 2186 719 Mt021

2281 852 2551 919 iustitiae
2597 859 2664 920 et
2708 874 2838 920 nou
2879 875 2988 922 cre

2282 1000 2535 1071 didistis
2581 1003 2644 1069 ei
2685 1004 3020 1089 publicani

2284 1163 2502 1221 autem
2548 1162 2614 1221 et
2658 1157 2920 1223 meretri

2284 1325 2392 1372 ces
2438 1305 2856 1374 crediderunt
2900 1308 2960 1375 ei

2285 1478 2402 1523 uos
2428 1465 2597 1526 ,aute
2644 1458 2943 1527 uidentes

2288 1629 2409 1675 nec
2452 1609 2840 1694 paenitentia
2883 1611 2972 1679 ha

2285 1760 2517 1827 buistis
2559 1768 2664 1828 «ut
2702 1763 2970 1830 credere

2285 1912 2370 1978 tis
2416 1914 2513 1979 ei»
2560 1920 2810 1998 postea.

2113 2079 2196 2146 33
2282 2064 2501 2130 Aliam
2546 2066 2861 2150 parabola
2904 2089 2990 2135 au

2079 2164 2250 2308 ’1131ξὲξο
2285 2216 2423 2282 dite
2468 2217 2663 2283 homo
2710 2226 2852 2285 erat
2894 2240 2984 2304 pa

2082 2317 2256 2413 {31²3ss
2285 2374 2387 2435 ter
2427 2369 2717 2437 familias
2762 2371 2872 2455 qui
2912 2373 3069 2456 plan

2284 2521 2452 2587 tauit
2496 2521 2690 2587 uinea
2733 2529 2801 2590 et
2842 2543 3003 2608 sepe

2285 2672 2652 2740 circfidedit
2694 2674 2758 2741 ei
2802 2682 2870 2743 et
2909 2638 2977 2741 l‘o

2283 2824 2383 2890 dit
2425 2824 2495 2890 in
2542 2844 2621 2891 ea
2663 2826 2948 2893 torcular
2992 2833 3060 2894 et

2284 2975 2663 3043 aedificauit
2704 2983 2879 3044 turre
2921 2986 2988 3045 et

2285 3127 2531 3194 locauit
2576 3139 2656 3194 ee
2700 3126 2926 3214 agrico

2283 3278 2364 3344 lis
2410 3285 2478 3345 et
2520 3298 2797 3364 peregre
2842 3281 3070 3365 profec

2112 3437 2197 3501 34
2283 3437 2385 3496 tus
2430 3437 2533 3496 est
2575 3451 2721 3497 cum
2763 3442 2956 3517 tepus

2283 3588 2434 3648 aute
2480 3581 2800 3649 fructuum
2846 3583 2933 3650 ad

2281 3733 2793 3818 propinquasset
2835 3736 2926 3802 mi
2961 3742 2972 3750 ‘

2275 3884 2364 3950 sit
2405 3905 2630 3952 seruos
2673 3906 2826 3953 suos

2276 4039 2364 4107 ad
2405 4038 2733 4124 agricolas
2776 4047 2849 4107 ut
2891 4063 2971 4109 ac

2279 4191 2577 4277 ciperent
2620 4193 2866 4258 fructus

2105 4352 2189 4418 35
2275 4344 2416 4414 eius
2463 4344 2774 4428 agricolae
2819 4343 3046 4429 adprae

2276 4499 2501 4565 heusis
2546 4496 2755 4565 seruis
2800 4496 2941 4565 eius

2277 4661 2410 4716 unu
2455 4650 2832 4718 ceciderunt
