3634 5717
754 901 822 962 et
863 895 1132 982 esychio
1176 904 1586 982 nuncupatos
1629 896 1924 983 paucorfi
2075 891 2269 960 aliter
2313 891 2660 978 expraessit
2701 891 2816 960 ille
2859 893 2973 978 qui
3009 913 3213 963 unum

752 996 1089 1064 hominum
1132 998 1372 1065 asserit
1414 1017 1728 1084 peruersa
2074 1015 2112 1062 e
2158 999 2462 1078 quattuor
2502 994 2787 1080 primum
2830 994 3091 1081 legerat

750 1099 1084 1167 contentio
1128 1097 1376 1179 Quibus
1418 1099 1642 1184 utique
1680 1119 1804 1167 nec
2075 1093 2162 1161 ad
2209 1094 2349 1162 eius
2393 1096 2765 1182 exemplum
2810 1104 3083 1165 caeteros
3127 1119 3256 1184 quo

751 1199 822 1266 in
863 1201 1071 1269 ueteri
1115 1207 1511 1269 testamento
1555 1207 1708 1286 post
1747 1220 1868 1287 sep
2075 1215 2201 1281 que
2244 1198 2699 1266 aestimauerit
2741 1199 3069 1267 emendan

749 1292 1063 1386 tuaginta'
1096 1303 1490 1389 interpretes
1535 1322 1725 1369 emen
2072 1295 2192 1364 dos
2237 1298 2413 1365 unde
2456 1299 2702 1367 accidit
2743 1308 2816 1367 ut
2855 1308 3017 1386 aput
3062 1320 3181 1368 nos

748 1403 909 1471 dare
953 1403 1112 1488 quid
1154 1404 1343 1471 licuit
1387 1424 1511 1471 nec
1553 1404 1621 1469 in
1669 1424 1841 1471 nouo
2035 1423 2050 1428 ·
2072 1398 2281 1466 mixta
2322 1408 2477 1467 sunt
2520 1400 2745 1468 omnia
2785 1409 2854 1469 et
2895 1402 2963 1468 in
3009 1423 3233 1472 marco

750 1504 995 1589 profuit
1038 1505 1427 1573 emendasse
1470 1525 1615 1572 cum
1661 1506 1869 1573 multa
2072 1501 2265 1586 plura
2307 1503 2472 1569 lucae
2517 1504 2645 1588 atq’
2689 1503 2938 1571 mathei
2981 1507 3171 1572 rursu

748 1625 890 1671 rum
933 1607 1230 1691 gentium
1274 1605 1522 1692 linguis
1567 1607 1893 1676 scribtura
2070 1602 2141 1668 in
2185 1604 2451 1672 matheo
2496 1605 2805 1672 iohannis
2852 1611 2921 1674 et
2962 1607 3168 1675 marci

748 1713 904 1774 ante
949 1708 1274 1776 translata
1316 1706 1554 1775 doceat
1599 1708 1774 1778 falsa
2074 1710 2143 1771 et
2183 1704 2253 1771 in
2298 1706 2537 1773 ceteris
2580 1706 2977 1792 reliquorum
3024 1728 3167 1792 quae

749 1827 897 1875 esse
941 1828 1086 1893 quae
1130 1808 1360 1876 addita
1403 1815 1557 1876 sunt
1600 1809 1804 1895 igitur
1843 1811 1973 1879 hoc
2074 1804 2145 1871 in
2192 1806 2344 1873 aliis
2389 1808 2661 1893 propria
2704 1816 2857 1876 sunt
2895 1810 3212 1878 inuenian

750 1929 1066 1995 praesens
1110 1908 1638 1995 praefatiuncula
1678 1911 1791 1997 pol
2075 1912 2179 1974 tur
2222 1927 2369 1975 cum
2413 1908 2636 1993 itaque
2682 1910 2979 1979 kanones
3025 1912 3090 1979 le

749 2011 983 2078 licetur
1027 2017 1332 2095 quattuor
1374 2017 1629 2079 tantum
1677 2032 1843 2080 euan
2073 2009 2252 2093 geris
2299 2010 2411 2094 qui
2454 2012 2733 2079 subiecti
2776 2019 2930 2079 sunt
2971 2033 3093 2079 con

751 2112 1027 2198 gelistas
1071 2132 1341 2197 quorum
1387 2113 1548 2180 ordo
1590 2113 1716 2181 iste
2075 2109 2354 2177 fusionis
2401 2132 2620 2179 errore
2664 2114 2923 2181 sublato
2964 2121 3034 2181 et

749 2220 854 2281 est
894 2212 1196 2280 matheus
1239 2234 1497 2283 marcus
1542 2215 1726 2283 lucas
2073 2211 2322 2279 similia
2365 2215 2656 2282 omnium
2698 2216 2870 2283 scies
2912 2222 2981 2285 et
3022 2216 3126 2282 sin

749 2314 1055 2383 iohannis
1100 2315 1398 2384 codicum
1442 2320 1863 2403 gregorum[l]
2074 2314 2248 2399 gulis
2290 2334 2413 2383 sua
2455 2336 2754 2400 quaeque
2798 2317 3105 2385 restitues

747 2416 1101 2486 emendata
1143 2418 1519 2487 conlatione
1563 2419 1686 2486 sed
1729 2439 1812 2487 ue
2073 2416 2152 2482 In
2195 2436 2452 2486 canone
2495 2419 2710 2504 primo
2755 2418 3158 2487 concordant

745 2523 955 2585 terum
1000 2538 1142 2603 quae
1187 2539 1271 2587 ne
1306 2520 1586 2587 multum
1634 2540 1677 2587 a
1717 2520 1918 2587 lectio
2074 2525 2382 2600 quattuor
2426 2521 2729 2587 matheus
2772 2540 3032 2588 marcus

747 2620 852 2686 nis
894 2620 1120 2686 latinae
1166 2621 1641 2689 consuetudine
1685 2622 1791 2688 dis
2074 2618 2257 2687 lucas
2301 2620 2610 2687 iohannis
2654 2622 2730 2689 In
2777 2643 3031 2691 canone
3074 2642 3276 2689 secun

748 2728 1098 2806 creparent
1139 2721 1237 2789 ita
1278 2723 1536 2790 calamo
1582 2731 1803 2809 tempe
2074 2719 2160 2787 do
2204 2728 2338 2789 tres
2385 2721 2685 2790 matheus
2730 2745 2988 2792 marcus
3033 2731 3098 2791 et

746 2822 1037 2889 rabimus
1080 2829 1152 2889 ut
1194 2822 1301 2890 his
1345 2830 1596 2890 tantum
1645 2843 1790 2907 quae
2071 2822 2256 2891 lucas
2299 2824 2375 2889 In
2423 2844 2677 2892 canone
2722 2826 2918 2893 tertio
2962 2833 3095 2893 tres

747 2942 1008 2991 sensum
1053 2923 1448 2992 uidebantur
1490 2932 1743 2993 mutare
2073 2924 2374 2992 matheus
2415 2925 2600 2992 lucas
2641 2933 2708 2993 et
2750 2926 3059 2993 iohannis

746 3025 1056 3092 correctis
1097 3026 1356 3112 reliqua
1395 3045 1664 3094 manere
2073 3025 2147 3091 In
2194 3025 2459 3094 kanone
2502 3035 2736 3111 quarto
2779 3035 2912 3095 tres
2957 3027 3260 3097 matheus

747 3133 1120 3212 pateremur
1161 3135 1234 3193 ut
1277 3128 1539 3194 fuerant
1580 3147 1869 3195 canones
2071 3147 2328 3194 marcus
2374 3134 2444 3195 et
2479 3128 2789 3196 iohannis
2831 3130 2911 3196 In
2954 3130 3221 3197 kanone

747 3247 1002 3313 quoque
1049 3247 1211 3313 quos
1257 3228 1563 3297 eusebius
1609 3228 1926 3296 caesarien
2072 3228 2299 3312 quinto
2346 3228 2477 3296 duo
2520 3231 2821 3298 matheus
2863 3238 2929 3299 et
2968 3231 3153 3299 lucas

746 3347 854 3397 ses
898 3328 1248 3416 episcopus
1293 3330 1798 3398 alexandrinum
2072 3330 2147 3395 In
2191 3329 2455 3396 kanone
2499 3337 2686 3398 sexto
2732 3332 2861 3399 duo
2905 3332 3208 3401 matheus

748 3436 1010 3497 secutus
1055 3432 1452 3498 ammonium
1497 3430 1568 3498 in
1612 3430 1841 3498 decem
2071 3436 2138 3496 et
2179 3450 2436 3497 marcus
2478 3432 2555 3498 In
2595 3432 2861 3500 kanone
2900 3434 3184 3521 septimo

750 3550 1055 3598 numeros
1099 3532 1432 3601 ordinauit
1474 3533 1646 3600 sicut
1686 3533 1756 3599 in
2070 3530 2201 3597 duo
2244 3531 2545 3599 matheus
2592 3540 2656 3601 et
2700 3534 3008 3602 iohannis
3049 3537 3131 3603 In
3172 3536 3268 3606 ka

750 3633 1024 3718 grego[l]
1066 3632 1389 3701 habentur
1434 3634 1896 3721 expraessimus
2070 3652 2242 3712 none
2287 3640 2521 3701 octauo
2567 3634 2696 3702 duo
2741 3636 2925 3704 lucas
2969 3645 3037 3706 et
3080 3659 3225 3706 mar

748 3734 923 3818 quod
967 3734 1024 3801 si
1072 3735 1215 3819 quis
1257 3735 1340 3803 de
1376 3736 1652 3803 curiosis
1690 3734 1973 3803 uoluerit
2069 3754 2183 3801 cus
2226 3735 2303 3801 In
2348 3735 2614 3803 kanone
2657 3759 2833 3805 nono
2873 3739 3002 3806 duo
3050 3739 3235 3808 lucas

744 3854 942 3903 nosse
987 3856 1155 3920 quae
1199 3838 1269 3903 in
1314 3838 1682 3924 euangeliis
1734 3839 1841 3905 uel
1887 3857 1969 3905 ea
2070 3843 2136 3903 et
2179 3837 2501 3904 iohannes
2544 3838 2624 3905 In
2667 3838 2932 3908 kanone
2975 3839 3235 3909 decimo

746 3934 898 4002 dem
941 3937 1047 4005 uel
1093 3937 1316 4005 uicina
1356 3940 1464 4006 uel
1523 3939 1669 4007 sola
1709 3939 1846 4005 sint
1888 3958 1965 4006 eo
2068 3938 2341 4023 propria
2385 3941 2829 4026 unusquisque
2873 3962 3044 4027 quae
3086 3963 3222 4010 non

745 4057 886 4103 rum
932 4037 1358 4106 distinctione
1399 4047 1756 4125 cognoscat
2063 4038 2390 4107 habentur
2432 4040 2501 4107 in
2549 4041 2700 4108 aliis
2746 4041 3093 4111 ediderunt

744 4158 1023 4223 maguus
1066 4139 1391 4225 siquidem
1451 4140 1562 4206 hic
1607 4140 1677 4207 in
1722 4141 1964 4209 nostris
2067 4140 2349 4226 singulis
2394 4142 2764 4228 euangeliis
2809 4144 2893 4212 ab
2936 4165 3068 4212 uno
3112 4145 3182 4213 in

746 4238 1082 4308 codicibus
1127 4262 1307 4308 error
1349 4241 1628 4310 inolebit
1669 4243 1824 4310 dum
2067 4241 2321 4327 cipiens
2365 4262 2571 4327 usque
2615 4245 2702 4312 ad
2746 4245 2941 4313 finem
2988 4245 3082 4313 lib

745 4341 919 4425 quod
963 4341 1034 4407 in
1078 4342 1311 4411 eadem
1357 4365 1428 4411 re
1472 4345 1640 4411 alius
1685 4365 1854 4411 euan
2068 4363 2284 4410 rorum
2329 4343 2558 4430 dispar
2599 4365 2906 4414 numerus
2953 4346 3022 4414 iu

744 4443 989 4527 gelista
1030 4444 1180 4530 plus
1224 4444 1394 4511 dixit
1437 4445 1505 4512 in
1553 4445 1685 4513 alio
1731 4445 1889 4530 quia
2068 4444 2306 4511 crescit
2347 4444 2457 4512 hic
2501 4446 2692 4532 nigro
2736 4448 2955 4517 colore
2998 4468 3077 4516 su

743 4545 959 4612 minus
1003 4545 1384 4631 putauerint
1426 4546 1826 4614 addiderunt
2067 4566 2186 4632 per
2229 4547 2510 4616 scribtus
2554 4549 2675 4615 sub
2713 4569 2786 4616 se
2829 4549 3032 4619 habet

744 4646 847 4712 uel
894 4645 1047 4713 dum
1095 4646 1372 4715 eundem
1423 4669 1643 4716 secum
1691 4650 1860 4717 alius
2066 4649 2267 4715 alium
2315 4670 2398 4715 ex
2444 4651 2646 4717 minio
2691 4671 2996 4718 numerus
3041 4653 3146 4719 dis
