<?xml version="1.0" encoding="UTF-8"?>
<!DOCTYPE html PUBLIC "-//W3C//DTD XHTML 1.0 Transitional//EN"
    "http://www.w3.org/TR/xhtml1/DTD/xhtml1-transitional.dtd">
<html xmlns="http://www.w3.org/1999/xhtml" xml:lang="en" lang="en">
 <head>
  <title>
</title>
<meta http-equiv="Content-Type" content="text/html;charset=utf-8" />
  <meta name='ocr-system' content='tesseract 3.04.00' />
  <meta name='ocr-capabilities' content='ocr_page ocr_carea ocr_par ocr_line ocrx_word'/>
</head>
<body>
  <div class='ocr_page' id='page_1' title='image "./codexaureussive00belsgoog_0405.png"; bbox 0 0 3634 5717; ppageno 0'>
   <div class='ocr_carea' id='block_1_1' title="bbox 410 674 706 743">
    <p class='ocr_par' dir='ltr' id='par_1_1' title="bbox 410 674 706 743">
     <span class='ocr_line' id='line_1_1' title="bbox 410 674 706 743; baseline 0.01 -3"><span class='ocrx_word' id='word_1_1' title='bbox 410 674 530 741; x_wconf 81' lang='lat' dir='ltr'><strong>Fol</strong></span> <span class='ocrx_word' id='word_1_2' title='bbox 582 676 706 743; x_wconf 82' lang='lat'><strong>170</strong></span> 
     </span>
    </p>
   </div>
   <div class='ocr_carea' id='block_1_2' title="bbox 439 877 525 942">
    <p class='ocr_par' dir='ltr' id='par_1_2' title="bbox 439 877 525 942">
     <span class='ocr_line' id='line_1_2' title="bbox 439 877 525 942; baseline 0.012 -1"><span class='ocrx_word' id='word_1_3' title='bbox 439 877 525 942; x_wconf 82' lang='lat'><strong>35</strong></span> 
     </span>
    </p>
   </div>
   <div class='ocr_carea' id='block_1_3' title="bbox 440 1337 525 1404">
    <p class='ocr_par' dir='ltr' id='par_1_3' title="bbox 440 1337 525 1404">
     <span class='ocr_line' id='line_1_3' title="bbox 440 1337 525 1404; baseline -0.012 0"><span class='ocrx_word' id='word_1_4' title='bbox 440 1337 525 1404; x_wconf 87' lang='lat'><strong>36</strong></span> 
     </span>
    </p>
   </div>
   <div class='ocr_carea' id='block_1_4' title="bbox 434 1798 515 1864">
    <p class='ocr_par' dir='ltr' id='par_1_4' title="bbox 434 1798 515 1864">
     <span class='ocr_line' id='line_1_4' title="bbox 434 1798 515 1864; baseline 0.037 -3"><span class='ocrx_word' id='word_1_5' title='bbox 434 1798 515 1864; x_wconf 86' lang='lat'><strong>37</strong></span> 
     </span>
    </p>
   </div>
   <div class='ocr_carea' id='block_1_5' title="bbox 437 2568 522 2632">
    <p class='ocr_par' dir='ltr' id='par_1_5' title="bbox 437 2568 522 2632">
     <span class='ocr_line' id='line_1_5' title="bbox 437 2568 522 2632; baseline 0.012 -1"><span class='ocrx_word' id='word_1_6' title='bbox 437 2568 522 2632; x_wconf 84' lang='lat'><strong>39</strong></span> 
     </span>
    </p>
   </div>
   <div class='ocr_carea' id='block_1_6' title="bbox 425 3949 504 4013">
    <p class='ocr_par' dir='ltr' id='par_1_6' title="bbox 425 3949 504 4013">
     <span class='ocr_line' id='line_1_6' title="bbox 425 3949 504 4013; baseline 0.013 -1"><span class='ocrx_word' id='word_1_7' title='bbox 425 3949 504 4013; x_wconf 89' lang='grc'><strong>41</strong></span> 
     </span>
    </p>
   </div>
   <div class='ocr_carea' id='block_1_7' title="bbox 613 878 1582 966">
    <p class='ocr_par' dir='ltr' id='par_1_7' title="bbox 613 878 1582 966">
     <span class='ocr_line' id='line_1_7' title="bbox 613 878 1582 966; baseline 0.008 -21"><span class='ocrx_word' id='word_1_8' title='bbox 613 878 869 947; x_wconf 81' lang='lat' dir='ltr'><strong>audiuit</strong></span> <span class='ocrx_word' id='word_1_9' title='bbox 910 879 1016 947; x_wconf 67' lang='lat' dir='ltr'><strong>ihfi</strong></span> <span class='ocrx_word' id='word_1_10' title='bbox 1063 881 1220 966; x_wconf 77' lang='lat' dir='ltr'><strong>quia</strong></span> <span class='ocrx_word' id='word_1_11' title='bbox 1262 883 1441 951; x_wconf 84' lang='lat' dir='ltr'><strong>eieee</strong></span> <span class='ocrx_word' id='word_1_12' title='bbox 1571 887 1582 892; x_wconf 83' lang='grc'><strong>’</strong></span> 
     </span>
    </p>
   </div>
   <div class='ocr_carea' id='block_1_8' title="bbox 575 1034 1500 4651">
    <p class='ocr_par' dir='ltr' id='par_1_8' title="bbox 609 1034 1492 2486">
     <span class='ocr_line' id='line_1_8' title="bbox 613 1034 1457 1140; baseline 0.007 -41"><span class='ocrx_word' id='word_1_13' title='bbox 613 1040 765 1100; x_wconf 89' lang='lat' dir='ltr'><strong>runt</strong></span> <span class='ocrx_word' id='word_1_14' title='bbox 809 1034 891 1100; x_wconf 72' lang='lat' dir='ltr'><strong>eu</strong></span> <span class='ocrx_word' id='word_1_15' title='bbox 917 1035 1112 1140; x_wconf 40' lang='lat' dir='ltr'><strong>‘foras</strong></span> <span class='ocrx_word' id='word_1_16' title='bbox 1158 1043 1225 1104; x_wconf 86' lang='lat' dir='ltr'><strong>et</strong></span> <span class='ocrx_word' id='word_1_17' title='bbox 1269 1040 1350 1104; x_wconf 75' lang='grc' dir='ltr'><strong>οῦ</strong></span> <span class='ocrx_word' id='word_1_18' title='bbox 1388 1038 1457 1105; x_wconf 93' lang='lat' dir='ltr'><strong>in</strong></span> 
     </span>
     <span class='ocr_line' id='line_1_9' title="bbox 613 1187 1470 1259; baseline 0.006 -5"><span class='ocrx_word' id='word_1_19' title='bbox 613 1187 907 1256; x_wconf 82' lang='lat' dir='ltr'><strong>uenisset</strong></span> <span class='ocrx_word' id='word_1_20' title='bbox 950 1192 1031 1256; x_wconf 74' lang='lat' dir='ltr'><strong>eu</strong></span> <span class='ocrx_word' id='word_1_21' title='bbox 1079 1189 1249 1258; x_wconf 84' lang='lat' dir='ltr'><strong>dixit</strong></span> <span class='ocrx_word' id='word_1_22' title='bbox 1292 1193 1354 1259; x_wconf 87' lang='lat' dir='ltr'><strong>ei</strong></span> <span class='ocrx_word' id='word_1_23' title='bbox 1399 1199 1470 1259; x_wconf 86' lang='lat' dir='ltr'><strong>tv</strong></span> 
     </span>
     <span class='ocr_line' id='line_1_10' title="bbox 612 1339 1466 1412; baseline 0.007 -7"><span class='ocrx_word' id='word_1_24' title='bbox 612 1339 828 1407; x_wconf 80' lang='lat' dir='ltr'><strong>eredis</strong></span> <span class='ocrx_word' id='word_1_25' title='bbox 871 1342 941 1407; x_wconf 92' lang='lat' dir='ltr'><strong>in</strong></span> <span class='ocrx_word' id='word_1_26' title='bbox 988 1342 1192 1410; x_wconf 88' lang='lat' dir='ltr'><strong>filium</strong></span> <span class='ocrx_word' id='word_1_27' title='bbox 1238 1343 1327 1411; x_wconf 85' lang='lat' dir='ltr'><strong>di.</strong></span> <span class='ocrx_word' id='word_1_28' title='bbox 1371 1346 1466 1412; x_wconf 85' lang='lat' dir='ltr'><strong>Re</strong></span> 
     </span>
     <span class='ocr_line' id='line_1_11' title="bbox 611 1494 1388 1578; baseline 0.008 -19"><span class='ocrx_word' id='word_1_29' title='bbox 611 1494 882 1578; x_wconf 76' lang='lat' dir='ltr'><strong>spondit</strong></span> <span class='ocrx_word' id='word_1_30' title='bbox 925 1495 1037 1563; x_wconf 86' lang='lat' dir='ltr'><strong>ille</strong></span> <span class='ocrx_word' id='word_1_31' title='bbox 1081 1503 1148 1564; x_wconf 87' lang='lat' dir='ltr'><strong>et</strong></span> <span class='ocrx_word' id='word_1_32' title='bbox 1191 1498 1388 1566; x_wconf 87' lang='lat' dir='ltr'><strong>dixit-</strong></span> 
     </span>
     <span class='ocr_line' id='line_1_12' title="bbox 612 1647 1432 1729; baseline 0.009 -17"><span class='ocrx_word' id='word_1_33' title='bbox 612 1647 757 1729; x_wconf 80' lang='lat' dir='ltr'><strong>quis</strong></span> <span class='ocrx_word' id='word_1_34' title='bbox 804 1656 903 1715; x_wconf 74' lang='lat' dir='ltr'><strong>est</strong></span> <span class='ocrx_word' id='word_1_35' title='bbox 947 1650 1078 1718; x_wconf 80' lang='lat' dir='ltr'><strong>dfie</strong></span> <span class='ocrx_word' id='word_1_36' title='bbox 1121 1658 1193 1717; x_wconf 88' lang='lat' dir='ltr'><strong>ut</strong></span> <span class='ocrx_word' id='word_1_37' title='bbox 1235 1652 1432 1720; x_wconf 63' lang='lat' dir='ltr'><strong>creda</strong></span> 
     </span>
     <span class='ocr_line' id='line_1_13' title="bbox 609 1799 1489 1872; baseline 0.011 -10"><span class='ocrx_word' id='word_1_38' title='bbox 609 1799 676 1865; x_wconf 90' lang='lat' dir='ltr'><strong>in</strong></span> <span class='ocrx_word' id='word_1_39' title='bbox 718 1804 800 1867; x_wconf 72' lang='grc' dir='ltr'><strong>εὖ</strong></span> <span class='ocrx_word' id='word_1_40' title='bbox 847 1810 915 1870; x_wconf 88' lang='lat' dir='ltr'><strong>et</strong></span> <span class='ocrx_word' id='word_1_41' title='bbox 953 1803 1124 1871; x_wconf 84' lang='lat' dir='ltr'><strong>dixit</strong></span> <span class='ocrx_word' id='word_1_42' title='bbox 1167 1805 1227 1872; x_wconf 87' lang='lat' dir='ltr'><strong>ei</strong></span> <span class='ocrx_word' id='word_1_43' title='bbox 1275 1805 1379 1872; x_wconf 66' lang='lat' dir='ltr'><strong>ihfi</strong></span> <span class='ocrx_word' id='word_1_44' title='bbox 1423 1814 1489 1872; x_wconf 87' lang='lat' dir='ltr'><strong>et</strong></span> 
     </span>
     <span class='ocr_line' id='line_1_14' title="bbox 611 1953 1463 2042; baseline 0.007 -23"><span class='ocrx_word' id='word_1_45' title='bbox 611 1953 838 2021; x_wconf 78' lang='lat' dir='ltr'><strong>nidisti</strong></span> <span class='ocrx_word' id='word_1_46' title='bbox 884 1960 968 2023; x_wconf 83' lang='lat' dir='ltr'><strong>e1&#39;1</strong></span> <span class='ocrx_word' id='word_1_47' title='bbox 1017 1964 1084 2024; x_wconf 86' lang='lat' dir='ltr'><strong>et</strong></span> <span class='ocrx_word' id='word_1_48' title='bbox 1127 1959 1238 2041; x_wconf 88' lang='lat' dir='ltr'><strong>qui</strong></span> <span class='ocrx_word' id='word_1_49' title='bbox 1282 1959 1463 2042; x_wconf 87' lang='lat' dir='ltr'><strong>loqui</strong></span> 
     </span>
     <span class='ocr_line' id='line_1_15' title="bbox 609 2099 1442 2195; baseline 0.006 -23"><span class='ocrx_word' id='word_1_50' title='bbox 609 2113 712 2173; x_wconf 89' lang='lat' dir='ltr'><strong>tur</strong></span> <span class='ocrx_word' id='word_1_51' title='bbox 755 2115 904 2176; x_wconf 79' lang='lat' dir='ltr'><strong>teeu</strong></span> <span class='ocrx_word' id='word_1_52' title='bbox 950 2110 1095 2195; x_wconf 81' lang='lat' dir='ltr'><strong>ipse</strong></span> <span class='ocrx_word' id='word_1_53' title='bbox 1140 2118 1242 2178; x_wconf 76' lang='lat' dir='ltr'><strong>est</strong></span> <span class='ocrx_word' id='word_1_54' title='bbox 1286 2120 1355 2179; x_wconf 81' lang='lat' dir='ltr'><strong>at</strong></span> <span class='ocrx_word' id='word_1_55' title='bbox 1395 2099 1442 2177; x_wconf 84' lang='lat' dir='ltr'><strong>il&#39;</strong></span> 
     </span>
     <span class='ocr_line' id='line_1_16' title="bbox 611 2261 1492 2351; baseline 0.008 -26"><span class='ocrx_word' id='word_1_56' title='bbox 611 2261 674 2328; x_wconf 86' lang='lat' dir='ltr'><strong>le</strong></span> <span class='ocrx_word' id='word_1_57' title='bbox 719 2262 814 2329; x_wconf 78' lang='lat' dir='ltr'><strong>ait</strong></span> <span class='ocrx_word' id='word_1_58' title='bbox 857 2263 1053 2331; x_wconf 85' lang='lat' dir='ltr'><strong>eredo</strong></span> <span class='ocrx_word' id='word_1_59' title='bbox 1098 2264 1228 2330; x_wconf 71' lang='lat' dir='ltr'><strong>dire</strong></span> <span class='ocrx_word' id='word_1_60' title='bbox 1266 2271 1332 2332; x_wconf 88' lang='lat' dir='ltr'><strong>et</strong></span> <span class='ocrx_word' id='word_1_61' title='bbox 1374 2287 1492 2351; x_wconf 88' lang='lat' dir='ltr'><strong>pro</strong></span> 
     </span>
     <span class='ocr_line' id='line_1_17' title="bbox 611 2414 1314 2486; baseline 0.006 -6"><span class='ocrx_word' id='word_1_62' title='bbox 611 2414 840 2483; x_wconf 78' lang='lat' dir='ltr'><strong>cidens</strong></span> <span class='ocrx_word' id='word_1_63' title='bbox 885 2417 1188 2485; x_wconf 81' lang='lat' dir='ltr'><strong>adorauit</strong></span> <span class='ocrx_word' id='word_1_64' title='bbox 1233 2429 1314 2486; x_wconf 79' lang='lat' dir='ltr'><strong>eu</strong></span> 
     </span>
    </p>

    <p class='ocr_par' dir='ltr' id='par_1_9' title="bbox 593 2568 1500 4177">
     <span class='ocr_line' id='line_1_18' title="bbox 609 2568 1500 2641; baseline 0.004 -4"><span class='ocrx_word' id='word_1_65' title='bbox 609 2576 676 2637; x_wconf 87' lang='lat' dir='ltr'><strong>et</strong></span> <span class='ocrx_word' id='word_1_66' title='bbox 717 2568 888 2638; x_wconf 86' lang='lat' dir='ltr'><strong>dixit</strong></span> <span class='ocrx_word' id='word_1_67' title='bbox 932 2571 993 2639; x_wconf 86' lang='lat' dir='ltr'><strong>ei</strong></span> <span class='ocrx_word' id='word_1_68' title='bbox 1035 2571 1137 2637; x_wconf 70' lang='lat' dir='ltr'><strong>ihfi</strong></span> <span class='ocrx_word' id='word_1_69' title='bbox 1185 2573 1250 2638; x_wconf 91' lang='lat' dir='ltr'><strong>in</strong></span> <span class='ocrx_word' id='word_1_70' title='bbox 1300 2574 1500 2641; x_wconf 77' lang='lat' dir='ltr'><strong>iudici</strong></span> 
     </span>
     <span class='ocr_line' id='line_1_19' title="bbox 605 2726 1414 2809; baseline 0.006 -21"><span class='ocrx_word' id='word_1_71' title='bbox 605 2743 712 2789; x_wconf 86' lang='lat' dir='ltr'><strong>nm</strong></span> <span class='ocrx_word' id='word_1_72' title='bbox 759 2745 884 2809; x_wconf 81' lang='lat' dir='ltr'><strong>ego</strong></span> <span class='ocrx_word' id='word_1_73' title='bbox 929 2726 998 2792; x_wconf 90' lang='lat' dir='ltr'><strong>in</strong></span> <span class='ocrx_word' id='word_1_74' title='bbox 1045 2726 1216 2793; x_wconf 82' lang='lat' dir='ltr'><strong>hunc</strong></span> <span class='ocrx_word' id='word_1_75' title='bbox 1261 2748 1414 2795; x_wconf 88' lang='lat' dir='ltr'><strong>mun</strong></span> 
     </span>
     <span class='ocr_line' id='line_1_20' title="bbox 603 2876 1441 2964; baseline 0.006 -23"><span class='ocrx_word' id='word_1_76' title='bbox 603 2876 690 2942; x_wconf 77' lang='lat' dir='ltr'><strong>du</strong></span> <span class='ocrx_word' id='word_1_77' title='bbox 737 2878 888 2945; x_wconf 86' lang='lat' dir='ltr'><strong>ueni</strong></span> <span class='ocrx_word' id='word_1_78' title='bbox 931 2886 1002 2946; x_wconf 90' lang='lat' dir='ltr'><strong>nt</strong></span> <span class='ocrx_word' id='word_1_79' title='bbox 1045 2880 1154 2964; x_wconf 88' lang='lat' dir='ltr'><strong>qui</strong></span> <span class='ocrx_word' id='word_1_80' title='bbox 1200 2901 1329 2948; x_wconf 88' lang='lat' dir='ltr'><strong>non</strong></span> <span class='ocrx_word' id='word_1_81' title='bbox 1375 2882 1441 2947; x_wconf 86' lang='lat' dir='ltr'><strong>ui</strong></span> 
     </span>
     <span class='ocr_line' id='line_1_21' title="bbox 602 3030 1342 3117; baseline 0.003 -20"><span class='ocrx_word' id='word_1_82' title='bbox 602 3030 764 3098; x_wconf 86' lang='lat' dir='ltr'><strong>dent</strong></span> <span class='ocrx_word' id='word_1_83' title='bbox 805 3032 1077 3100; x_wconf 78' lang='lat' dir='ltr'><strong>uideant</strong></span> <span class='ocrx_word' id='word_1_84' title='bbox 1122 3040 1188 3099; x_wconf 86' lang='lat' dir='ltr'><strong>et</strong></span> <span class='ocrx_word' id='word_1_85' title='bbox 1232 3033 1342 3117; x_wconf 88' lang='lat' dir='ltr'><strong>qui</strong></span> 
     </span>
     <span class='ocr_line' id='line_1_22' title="bbox 601 3184 1346 3254; baseline 0.003 -3"><span class='ocrx_word' id='word_1_86' title='bbox 601 3184 830 3254; x_wconf 86' lang='lat' dir='ltr'><strong>uident</strong></span> <span class='ocrx_word' id='word_1_87' title='bbox 873 3187 1028 3253; x_wconf 81' lang='lat' dir='ltr'><strong>caeei</strong></span> <span class='ocrx_word' id='word_1_88' title='bbox 1075 3187 1236 3254; x_wconf 78' lang='lat' dir='ltr'><strong>fiant</strong></span> <span class='ocrx_word' id='word_1_89' title='bbox 1279 3194 1346 3254; x_wconf 87' lang='lat' dir='ltr'><strong>et</strong></span> 
     </span>
     <span class='ocr_line' id='line_1_23' title="bbox 600 3340 1304 3425; baseline -0.001 -19"><span class='ocrx_word' id='word_1_90' title='bbox 600 3340 948 3407; x_wconf 81' lang='lat' dir='ltr'><strong>audierunt</strong></span> <span class='ocrx_word' id='word_1_91' title='bbox 985 3361 1067 3408; x_wconf 87' lang='lat' dir='ltr'><strong>ex</strong></span> <span class='ocrx_word' id='word_1_92' title='bbox 1113 3340 1304 3425; x_wconf 81' lang='lat' dir='ltr'><strong>phari</strong></span> 
     </span>
     <span class='ocr_line' id='line_1_24' title="bbox 599 3493 1466 3579; baseline 0 -20"><span class='ocrx_word' id='word_1_93' title='bbox 599 3493 750 3559; x_wconf 78' lang='lat' dir='ltr'><strong>saeis</strong></span> <span class='ocrx_word' id='word_1_94' title='bbox 801 3493 911 3577; x_wconf 87' lang='lat' dir='ltr'><strong>qui</strong></span> <span class='ocrx_word' id='word_1_95' title='bbox 957 3495 1037 3559; x_wconf 72' lang='lat' dir='ltr'><strong>eu</strong></span> <span class='ocrx_word' id='word_1_96' title='bbox 1084 3493 1231 3579; x_wconf 84' lang='lat' dir='ltr'><strong>ipso</strong></span> <span class='ocrx_word' id='word_1_97' title='bbox 1275 3501 1466 3561; x_wconf 81' lang='lat' dir='ltr'><strong>erant</strong></span> 
     </span>
     <span class='ocr_line' id='line_1_25' title="bbox 598 3645 1409 3731; baseline -0.001 -19"><span class='ocrx_word' id='word_1_98' title='bbox 598 3652 664 3712; x_wconf 85' lang='lat' dir='ltr'><strong>et</strong></span> <span class='ocrx_word' id='word_1_99' title='bbox 709 3646 1014 3713; x_wconf 84' lang='lat' dir='ltr'><strong>dixerunt</strong></span> <span class='ocrx_word' id='word_1_100' title='bbox 1054 3646 1115 3712; x_wconf 90' lang='lat' dir='ltr'><strong>ei</strong></span> <span class='ocrx_word' id='word_1_101' title='bbox 1158 3645 1409 3731; x_wconf 73' lang='lat' dir='ltr'><strong>nuqvid</strong></span> 
     </span>
     <span class='ocr_line' id='line_1_26' title="bbox 596 3800 1298 3868; baseline 0 -1"><span class='ocrx_word' id='word_1_102' title='bbox 596 3808 663 3868; x_wconf 90' lang='lat' dir='ltr'><strong>et</strong></span> <span class='ocrx_word' id='word_1_103' title='bbox 703 3821 824 3867; x_wconf 86' lang='lat' dir='ltr'><strong>nos</strong></span> <span class='ocrx_word' id='word_1_104' title='bbox 869 3800 1025 3868; x_wconf 78' lang='lat' dir='ltr'><strong>eaeei</strong></span> <span class='ocrx_word' id='word_1_105' title='bbox 1076 3820 1298 3867; x_wconf 79' lang='lat' dir='ltr'><strong>sumus</strong></span> 
     </span>
     <span class='ocr_line' id='line_1_27' title="bbox 597 3953 1361 4022; baseline -0.004 0"><span class='ocrx_word' id='word_1_106' title='bbox 597 3955 767 4022; x_wconf 86' lang='lat' dir='ltr'><strong>dixit</strong></span> <span class='ocrx_word' id='word_1_107' title='bbox 810 3956 908 4022; x_wconf 82' lang='lat' dir='ltr'><strong>eis</strong></span> <span class='ocrx_word' id='word_1_108' title='bbox 952 3955 1057 4021; x_wconf 69' lang='lat' dir='ltr'><strong>ihs</strong></span> <span class='ocrx_word' id='word_1_109' title='bbox 1101 3954 1159 4021; x_wconf 82' lang='lat' dir='ltr'><strong>si</strong></span> <span class='ocrx_word' id='word_1_110' title='bbox 1205 3953 1361 4020; x_wconf 80' lang='lat' dir='ltr'><strong>caeei</strong></span> 
     </span>
     <span class='ocr_line' id='line_1_28' title="bbox 593 4108 1293 4177; baseline -0.004 0"><span class='ocrx_word' id='word_1_111' title='bbox 593 4109 827 4177; x_wconf 79' lang='lat' dir='ltr'><strong>essetis</strong></span> <span class='ocrx_word' id='word_1_112' title='bbox 871 4129 1001 4175; x_wconf 87' lang='lat' dir='ltr'><strong>non</strong></span> <span class='ocrx_word' id='word_1_113' title='bbox 1050 4108 1293 4177; x_wconf 78' lang='lat' dir='ltr'><strong>habere</strong></span> 
     </span>
    </p>

    <p class='ocr_par' dir='ltr' id='par_1_10' title="bbox 575 4257 1338 4349">
     <span class='ocr_line' id='line_1_29' title="bbox 575 4257 1338 4349; baseline 0 -21"><span class='ocrx_word' id='word_1_114' title='bbox 575 4257 677 4330; x_wconf 81' lang='lat' dir='ltr'><strong>&#39;tis</strong></span> <span class='ocrx_word' id='word_1_115' title='bbox 721 4265 996 4349; x_wconf 74' lang='lat' dir='ltr'><strong>peecatfi</strong></span> <span class='ocrx_word' id='word_1_116' title='bbox 1042 4283 1215 4329; x_wconf 85' lang='lat' dir='ltr'><strong>nune</strong></span> <span class='ocrx_word' id='word_1_117' title='bbox 1258 4281 1338 4329; x_wconf 86' lang='lat' dir='ltr'><strong>ue</strong></span> 
     </span>
    </p>

    <p class='ocr_par' dir='ltr' id='par_1_11' title="bbox 591 4414 1327 4651">
     <span class='ocr_line' id='line_1_30' title="bbox 593 4414 1327 4499; baseline 0.004 -20"><span class='ocrx_word' id='word_1_118' title='bbox 593 4436 665 4479; x_wconf 84' lang='lat' dir='ltr'><strong>ro</strong></span> <span class='ocrx_word' id='word_1_119' title='bbox 709 4414 931 4480; x_wconf 80' lang='lat' dir='ltr'><strong>dicitis</strong></span> <span class='ocrx_word' id='word_1_120' title='bbox 976 4415 1132 4499; x_wconf 82' lang='lat' dir='ltr'><strong>quia</strong></span> <span class='ocrx_word' id='word_1_121' title='bbox 1173 4415 1327 4482; x_wconf 82' lang='lat' dir='ltr'><strong>uide</strong></span> 
     </span>
     <span class='ocr_line' id='line_1_31' title="bbox 591 4570 1321 4651; baseline -0.004 -17"><span class='ocrx_word' id='word_1_122' title='bbox 591 4587 733 4634; x_wconf 81' lang='lat' dir='ltr'><strong>mus</strong></span> <span class='ocrx_word' id='word_1_123' title='bbox 778 4574 1053 4651; x_wconf 76' lang='lat' dir='ltr'><strong>peccatu</strong></span> <span class='ocrx_word' id='word_1_124' title='bbox 1099 4570 1321 4633; x_wconf 78' lang='lat' dir='ltr'><strong>uestrfi</strong></span> 
     </span>
    </p>
   </div>
   <div class='ocr_carea' id='block_1_9' title="bbox 895 4728 1113 4788">
    <p class='ocr_par' dir='ltr' id='par_1_12' title="bbox 895 4728 1113 4788">
     <span class='ocr_line' id='line_1_32' title="bbox 895 4728 1113 4788; baseline 0.014 -3"><span class='ocrx_word' id='word_1_125' title='bbox 895 4728 1113 4788; x_wconf 84' lang='lat' dir='ltr'><strong>manet</strong></span> 
     </span>
    </p>
   </div>
   <div class='ocr_carea' id='block_1_10' title="bbox 1477 682 1908 749">
    <p class='ocr_par' dir='ltr' id='par_1_13' title="bbox 1477 682 1908 749">
     <span class='ocr_line' id='line_1_33' title="bbox 1477 682 1908 749; baseline 0.002 -1"><span class='ocrx_word' id='word_1_126' title='bbox 1477 683 1596 749; x_wconf 81' lang='lat'>1011</span> <span class='ocrx_word' id='word_1_127' title='bbox 1642 682 1692 748; x_wconf 86' lang='lat' dir='ltr'>C</span> <span class='ocrx_word' id='word_1_128' title='bbox 1735 684 1777 749; x_wconf 87' lang='lat'>9</span> <span class='ocrx_word' id='word_1_129' title='bbox 1826 684 1908 749; x_wconf 90' lang='grc'><strong>10</strong></span> 
     </span>
    </p>
   </div>
   <div class='ocr_carea' id='block_1_11' title="bbox 2829 686 2955 752">
    <p class='ocr_par' dir='ltr' id='par_1_14' title="bbox 2829 686 2955 752">
     <span class='ocr_line' id='line_1_34' title="bbox 2829 686 2955 752; baseline 0.016 -2"><span class='ocrx_word' id='word_1_130' title='bbox 2829 686 2955 752; x_wconf 86' lang='grc'><strong>339</strong></span> 
     </span>
    </p>
   </div>
   <div class='ocr_carea' id='block_1_12' title="bbox 1723 882 2787 954">
    <p class='ocr_par' dir='ltr' id='par_1_15' title="bbox 1723 882 2787 954">
     <span class='ocr_line' id='line_1_35' title="bbox 1723 882 2787 954; baseline 0.001 -5"><span class='ocrx_word' id='word_1_131' title='bbox 1723 882 1777 950; x_wconf 80' lang='lat'>0</span> <span class='ocrx_word' id='word_1_132' title='bbox 1803 883 1890 949; x_wconf 90' lang='lat'><strong>10</strong></span> <span class='ocrx_word' id='word_1_133' title='bbox 1930 905 2121 954; x_wconf 77' lang='lat' dir='ltr'><strong>amen</strong></span> <span class='ocrx_word' id='word_1_134' title='bbox 2168 905 2360 954; x_wconf 77' lang='lat' dir='ltr'><strong>amen</strong></span> <span class='ocrx_word' id='word_1_135' title='bbox 2404 885 2553 953; x_wconf 74' lang='lat' dir='ltr'><strong>dieo</strong></span> <span class='ocrx_word' id='word_1_136' title='bbox 2598 886 2787 952; x_wconf 79' lang='lat' dir='ltr'><strong>uobis</strong></span> 
     </span>
    </p>
   </div>
   <div class='ocr_carea' id='block_1_13' title="bbox 1595 4201 1820 4264">
    <p class='ocr_par' dir='ltr' id='par_1_16' title="bbox 1595 4201 1820 4264">
     <span class='ocr_line' id='line_1_36' title="bbox 1595 4201 1820 4264; baseline -0.004 -7"><span class='ocrx_word' id='word_1_137' title='bbox 1595 4201 1604 4218; x_wconf 87' lang='lat'><strong><em>‘</em></strong></span> <span class='ocrx_word' id='word_1_138' title='bbox 1702 4212 1820 4264; x_wconf 70' lang='grc' dir='ltr'><strong>τίω</strong></span> 
     </span>
    </p>
   </div>
   <div class='ocr_carea' id='block_1_14' title="bbox 1699 4348 1850 4393">
    <p class='ocr_par' dir='ltr' id='par_1_17' title="bbox 1699 4348 1850 4393">
     <span class='ocr_line' id='line_1_37' title="bbox 1699 4348 1850 4393; baseline -0.007 0"><span class='ocrx_word' id='word_1_139' title='bbox 1699 4348 1765 4393; x_wconf 81' lang='lat' dir='ltr'><strong>Br</strong></span> <span class='ocrx_word' id='word_1_140' title='bbox 1789 4348 1850 4393; x_wconf 79' lang='lat'><strong>19·</strong></span> 
     </span>
    </p>
   </div>
   <div class='ocr_carea' id='block_1_15' title="bbox 1772 4726 1814 4790">
    <p class='ocr_par' dir='ltr' id='par_1_18' title="bbox 1772 4726 1814 4790">
     <span class='ocr_line' id='line_1_38' title="bbox 1772 4726 1814 4790; baseline 0 0"><span class='ocrx_word' id='word_1_141' title='bbox 1772 4726 1814 4790; x_wconf 89' lang='grc'>8</span> 
     </span>
    </p>
   </div>
   <div class='ocr_carea' id='block_1_16' title="bbox 1926 1039 2746 1414">
    <p class='ocr_par' dir='ltr' id='par_1_19' title="bbox 1926 1039 2746 1414">
     <span class='ocr_line' id='line_1_39' title="bbox 1929 1039 2746 1127; baseline 0 -21"><span class='ocrx_word' id='word_1_142' title='bbox 1929 1039 2039 1123; x_wconf 90' lang='lat' dir='ltr'><strong>qui</strong></span> <span class='ocrx_word' id='word_1_143' title='bbox 2086 1060 2216 1106; x_wconf 89' lang='lat' dir='ltr'><strong>non</strong></span> <span class='ocrx_word' id='word_1_144' title='bbox 2263 1039 2466 1106; x_wconf 81' lang='lat' dir='ltr'><strong>intrat</strong></span> <span class='ocrx_word' id='word_1_145' title='bbox 2512 1060 2633 1127; x_wconf 85' lang='lat' dir='ltr'><strong>per</strong></span> <span class='ocrx_word' id='word_1_146' title='bbox 2671 1059 2746 1107; x_wconf 72' lang='lat' dir='ltr'><strong>os</strong></span> 
     </span>
     <span class='ocr_line' id='line_1_40' title="bbox 1926 1192 2724 1260; baseline 0.004 -3"><span class='ocrx_word' id='word_1_147' title='bbox 1926 1192 2024 1258; x_wconf 77' lang='lat' dir='ltr'><strong>tifi</strong></span> <span class='ocrx_word' id='word_1_148' title='bbox 2070 1193 2137 1259; x_wconf 92' lang='lat' dir='ltr'><strong>in</strong></span> <span class='ocrx_word' id='word_1_149' title='bbox 2186 1193 2361 1260; x_wconf 87' lang='lat' dir='ltr'><strong>ouile</strong></span> <span class='ocrx_word' id='word_1_150' title='bbox 2405 1193 2560 1259; x_wconf 74' lang='lat' dir='ltr'><strong>ouiu</strong></span> <span class='ocrx_word' id='word_1_151' title='bbox 2606 1192 2724 1260; x_wconf 80' lang='lat' dir='ltr'><strong>sed</strong></span> 
     </span>
     <span class='ocr_line' id='line_1_41' title="bbox 1927 1346 2701 1414; baseline 0.004 -3"><span class='ocrx_word' id='word_1_152' title='bbox 1927 1346 2229 1414; x_wconf 78' lang='lat' dir='ltr'><strong>aseendit</strong></span> <span class='ocrx_word' id='word_1_153' title='bbox 2274 1346 2541 1413; x_wconf 82' lang='lat' dir='ltr'><strong>aliunde</strong></span> <span class='ocrx_word' id='word_1_154' title='bbox 2588 1346 2701 1414; x_wconf 83' lang='lat' dir='ltr'><strong>ille</strong></span> 
     </span>
    </p>
   </div>
   <div class='ocr_carea' id='block_1_17' title="bbox 1924 1499 2648 1585">
    <p class='ocr_par' dir='ltr' id='par_1_20' title="bbox 1924 1499 2648 1585">
     <span class='ocr_line' id='line_1_42' title="bbox 1924 1499 2648 1585; baseline 0.003 -21"><span class='ocrx_word' id='word_1_155' title='bbox 1924 1499 2028 1566; x_wconf 83' lang='lat' dir='ltr'><strong>fur</strong></span> <span class='ocrx_word' id='word_1_156' title='bbox 2071 1508 2172 1566; x_wconf 80' lang='lat' dir='ltr'><strong>est</strong></span> <span class='ocrx_word' id='word_1_157' title='bbox 2217 1507 2283 1568; x_wconf 87' lang='lat' dir='ltr'><strong>et</strong></span> <span class='ocrx_word' id='word_1_158' title='bbox 2321 1501 2492 1568; x_wconf 78' lang='lat' dir='ltr'><strong>latro</strong></span> <span class='ocrx_word' id='word_1_159' title='bbox 2538 1500 2648 1585; x_wconf 90' lang='lat' dir='ltr'><strong>qni</strong></span> 
     </span>
    </p>
   </div>
   <div class='ocr_carea' id='block_1_18' title="bbox 1927 1647 2660 1739">
    <p class='ocr_par' dir='ltr' id='par_1_21' title="bbox 1927 1647 2660 1739">
     <span class='ocr_line' id='line_1_43' title="bbox 1927 1647 2660 1739; baseline 0 -20"><span class='ocrx_word' id='word_1_160' title='bbox 1927 1660 2078 1719; x_wconf 71' lang='lat' dir='ltr'><strong>aute</strong></span> <span class='ocrx_word' id='word_1_161' title='bbox 2124 1647 2327 1721; x_wconf 72' lang='lat' dir='ltr'><strong>intra&#39;t</strong></span> <span class='ocrx_word' id='word_1_162' title='bbox 2371 1674 2491 1739; x_wconf 87' lang='lat' dir='ltr'><strong>per</strong></span> <span class='ocrx_word' id='word_1_163' title='bbox 2534 1653 2660 1720; x_wconf 86' lang='lat' dir='ltr'><strong>osti</strong></span> 
     </span>
    </p>
   </div>
   <div class='ocr_carea' id='block_1_19' title="bbox 1910 1806 2779 3728">
    <p class='ocr_par' dir='ltr' id='par_1_22' title="bbox 1910 1806 2779 3728">
     <span class='ocr_line' id='line_1_44' title="bbox 1926 1806 2651 1892; baseline 0.001 -21"><span class='ocrx_word' id='word_1_164' title='bbox 1926 1826 2033 1872; x_wconf 89' lang='lat' dir='ltr'><strong>um</strong></span> <span class='ocrx_word' id='word_1_165' title='bbox 2080 1814 2306 1892; x_wconf 81' lang='lat' dir='ltr'><strong>pastor</strong></span> <span class='ocrx_word' id='word_1_166' title='bbox 2352 1813 2453 1872; x_wconf 83' lang='lat' dir='ltr'><strong>est</strong></span> <span class='ocrx_word' id='word_1_167' title='bbox 2497 1806 2651 1872; x_wconf 75' lang='lat' dir='ltr'><strong>ouiu</strong></span> 
     </span>
     <span class='ocr_line' id='line_1_45' title="bbox 1923 1958 2686 2045; baseline 0.003 -21"><span class='ocrx_word' id='word_1_168' title='bbox 1923 1958 2075 2025; x_wconf 82' lang='lat' dir='ltr'><strong>huie</strong></span> <span class='ocrx_word' id='word_1_169' title='bbox 2118 1960 2429 2028; x_wconf 71' lang='lat' dir='ltr'><strong>ostiarius</strong></span> <span class='ocrx_word' id='word_1_170' title='bbox 2473 1960 2686 2045; x_wconf 74' lang='lat' dir='ltr'><strong>aperit</strong></span> 
     </span>
     <span class='ocr_line' id='line_1_46' title="bbox 1926 2114 2714 2180; baseline 0.004 -3"><span class='ocrx_word' id='word_1_171' title='bbox 1926 2118 1994 2177; x_wconf 85' lang='lat' dir='ltr'><strong>et</strong></span> <span class='ocrx_word' id='word_1_172' title='bbox 2038 2132 2195 2179; x_wconf 79' lang='lat' dir='ltr'><strong>oves</strong></span> <span class='ocrx_word' id='word_1_173' title='bbox 2239 2125 2399 2179; x_wconf 75' lang='lat' dir='ltr'><strong>uoee</strong></span> <span class='ocrx_word' id='word_1_174' title='bbox 2447 2114 2590 2180; x_wconf 79' lang='lat' dir='ltr'><strong>eins</strong></span> <span class='ocrx_word' id='word_1_175' title='bbox 2631 2134 2714 2180; x_wconf 75' lang='lat' dir='ltr'><strong>au</strong></span> 
     </span>
     <span class='ocr_line' id='line_1_47' title="bbox 1926 2263 2769 2350; baseline 0.002 -22"><span class='ocrx_word' id='word_1_176' title='bbox 1926 2263 2114 2330; x_wconf 88' lang='lat' dir='ltr'><strong>diunt</strong></span> <span class='ocrx_word' id='word_1_177' title='bbox 2156 2272 2224 2332; x_wconf 85' lang='lat' dir='ltr'><strong>et</strong></span> <span class='ocrx_word' id='word_1_178' title='bbox 2268 2265 2570 2350; x_wconf 80' lang='lat' dir='ltr'><strong>propriae</strong></span> <span class='ocrx_word' id='word_1_179' title='bbox 2612 2284 2769 2332; x_wconf 79' lang='lat' dir='ltr'><strong>oues</strong></span> 
     </span>
     <span class='ocr_line' id='line_1_48' title="bbox 1925 2419 2675 2485; baseline -0.001 0"><span class='ocrx_word' id='word_1_180' title='bbox 1925 2426 2118 2485; x_wconf 77' lang='lat' dir='ltr'><strong>uocat</strong></span> <span class='ocrx_word' id='word_1_181' title='bbox 2161 2419 2482 2485; x_wconf 77' lang='lat' dir='ltr'><strong>nominati</strong></span> <span class='ocrx_word' id='word_1_182' title='bbox 2528 2424 2594 2484; x_wconf 89' lang='lat' dir='ltr'><strong>et</strong></span> <span class='ocrx_word' id='word_1_183' title='bbox 2638 2437 2675 2484; x_wconf 86' lang='lat' dir='ltr'><strong>e</strong></span> 
     </span>
     <span class='ocr_line' id='line_1_49' title="bbox 1922 2572 2767 2657; baseline -0.001 -19"><span class='ocrx_word' id='word_1_184' title='bbox 1922 2572 2103 2639; x_wconf 80' lang='lat' dir='ltr'><strong>ducit</strong></span> <span class='ocrx_word' id='word_1_185' title='bbox 2147 2592 2259 2640; x_wconf 82' lang='lat' dir='ltr'><strong>eos</strong></span> <span class='ocrx_word' id='word_1_186' title='bbox 2306 2579 2372 2640; x_wconf 85' lang='lat' dir='ltr'><strong>et</strong></span> <span class='ocrx_word' id='word_1_187' title='bbox 2415 2573 2496 2637; x_wconf 78' lang='grc' dir='ltr'><strong>οΐι</strong></span> <span class='ocrx_word' id='word_1_188' title='bbox 2544 2572 2767 2657; x_wconf 80' lang='lat' dir='ltr'><strong>propri</strong></span> 
     </span>
     <span class='ocr_line' id='line_1_50' title="bbox 1918 2725 2688 2794; baseline -0.001 -2"><span class='ocrx_word' id='word_1_189' title='bbox 1918 2744 1993 2792; x_wconf 81' lang='lat' dir='ltr'><strong>as</strong></span> <span class='ocrx_word' id='word_1_190' title='bbox 2039 2725 2332 2794; x_wconf 81' lang='lat' dir='ltr'><strong>emiserit</strong></span> <span class='ocrx_word' id='word_1_191' title='bbox 2376 2730 2529 2792; x_wconf 81' lang='lat' dir='ltr'><strong>aute</strong></span> <span class='ocrx_word' id='word_1_192' title='bbox 2574 2743 2688 2791; x_wconf 78' lang='lat' dir='ltr'><strong>eas</strong></span> 
     </span>
     <span class='ocr_line' id='line_1_51' title="bbox 1915 2831 2694 2947; baseline -0.001 -2"><span class='ocrx_word' id='word_1_193' title='bbox 1915 2878 2103 2946; x_wconf 78' lang='lat' dir='ltr'><strong>uadit</strong></span> <span class='ocrx_word' id='word_1_194' title='bbox 2146 2886 2213 2947; x_wconf 89' lang='lat' dir='ltr'><strong>et</strong></span> <span class='ocrx_word' id='word_1_195' title='bbox 2257 2900 2413 2947; x_wconf 80' lang='lat' dir='ltr'><strong>oues</strong></span> <span class='ocrx_word' id='word_1_196' title='bbox 2459 2831 2576 2945; x_wconf 66' lang='lat' dir='ltr'><strong>ilia</strong></span> <span class='ocrx_word' id='word_1_197' title='bbox 2623 2898 2694 2945; x_wconf 80' lang='lat' dir='ltr'><strong>se</strong></span> 
     </span>
     <span class='ocr_line' id='line_1_52' title="bbox 1914 3033 2605 3117; baseline -0.004 -17"><span class='ocrx_word' id='word_1_198' title='bbox 1914 3041 2146 3100; x_wconf 78' lang='lat' dir='ltr'><strong>cuntur</strong></span> <span class='ocrx_word' id='word_1_199' title='bbox 2190 3034 2347 3117; x_wconf 77' lang='lat' dir='ltr'><strong>quia</strong></span> <span class='ocrx_word' id='word_1_200' title='bbox 2389 3033 2605 3100; x_wconf 80' lang='lat' dir='ltr'><strong>sciunt</strong></span> 
     </span>
     <span class='ocr_line' id='line_1_53' title="bbox 1916 3186 2721 3254; baseline -0.002 0"><span class='ocrx_word' id='word_1_201' title='bbox 1916 3200 2074 3254; x_wconf 74' lang='lat' dir='ltr'><strong>uoee</strong></span> <span class='ocrx_word' id='word_1_202' title='bbox 2121 3186 2261 3254; x_wconf 86' lang='lat' dir='ltr'><strong>eius</strong></span> <span class='ocrx_word' id='word_1_203' title='bbox 2306 3187 2528 3254; x_wconf 79' lang='lat' dir='ltr'><strong>alienu</strong></span> <span class='ocrx_word' id='word_1_204' title='bbox 2556 3193 2721 3253; x_wconf 58' lang='lat' dir='ltr'><strong>aute</strong></span> 
     </span>
     <span class='ocr_line' id='line_1_54' title="bbox 1913 3339 2676 3423; baseline 0 -18"><span class='ocrx_word' id='word_1_205' title='bbox 1913 3360 2043 3405; x_wconf 90' lang='lat' dir='ltr'><strong>non</strong></span> <span class='ocrx_word' id='word_1_206' title='bbox 2093 3347 2405 3423; x_wconf 78' lang='lat' dir='ltr'><strong>sequntur</strong></span> <span class='ocrx_word' id='word_1_207' title='bbox 2446 3339 2564 3407; x_wconf 84' lang='lat' dir='ltr'><strong>sed</strong></span> <span class='ocrx_word' id='word_1_208' title='bbox 2610 3340 2676 3405; x_wconf 80' lang='lat' dir='ltr'><strong>fu</strong></span> 
     </span>
     <span class='ocr_line' id='line_1_55' title="bbox 1913 3472 2779 3577; baseline -0.003 -18"><span class='ocrx_word' id='word_1_209' title='bbox 1913 3492 2103 3577; x_wconf 81' lang='lat' dir='ltr'><strong>giunt</strong></span> <span class='ocrx_word' id='word_1_210' title='bbox 2147 3491 2230 3558; x_wconf 84' lang='lat' dir='ltr'><strong>ab</strong></span> <span class='ocrx_word' id='word_1_211' title='bbox 2275 3472 2354 3558; x_wconf 77' lang='lat' dir='ltr'><strong>eo</strong></span> <span class='ocrx_word' id='word_1_212' title='bbox 2400 3491 2557 3575; x_wconf 81' lang='lat' dir='ltr'><strong>quia</strong></span> <span class='ocrx_word' id='word_1_213' title='bbox 2600 3492 2779 3558; x_wconf 78' lang='lat' dir='ltr'><strong>nesci</strong></span> 
     </span>
     <span class='ocr_line' id='line_1_56' title="bbox 1910 3623 2751 3728; baseline -0.005 -17"><span class='ocrx_word' id='word_1_214' title='bbox 1910 3651 2027 3711; x_wconf 89' lang='lat' dir='ltr'><strong>unt</strong></span> <span class='ocrx_word' id='word_1_215' title='bbox 2071 3643 2211 3711; x_wconf 81' lang='lat' dir='ltr'><strong>eius</strong></span> <span class='ocrx_word' id='word_1_216' title='bbox 2255 3655 2415 3711; x_wconf 78' lang='lat' dir='ltr'><strong>uoce</strong></span> <span class='ocrx_word' id='word_1_217' title='bbox 2463 3623 2599 3710; x_wconf 45' lang='lat' dir='ltr'><strong>hoe-</strong></span> <span class='ocrx_word' id='word_1_218' title='bbox 2633 3664 2751 3728; x_wconf 84' lang='lat' dir='ltr'><strong>pro</strong></span> 
     </span>
    </p>
   </div>
   <div class='ocr_carea' id='block_1_20' title="bbox 1909 3797 2647 3866">
    <p class='ocr_par' dir='ltr' id='par_1_23' title="bbox 1909 3797 2647 3866">
     <span class='ocr_line' id='line_1_57' title="bbox 1909 3797 2647 3866; baseline -0.005 0"><span class='ocrx_word' id='word_1_219' title='bbox 1909 3798 2140 3866; x_wconf 78' lang='lat' dir='ltr'><strong>uerbiu</strong></span> <span class='ocrx_word' id='word_1_220' title='bbox 2184 3797 2357 3864; x_wconf 89' lang='lat' dir='ltr'><strong>dixit</strong></span> <span class='ocrx_word' id='word_1_221' title='bbox 2401 3797 2497 3864; x_wconf 77' lang='lat' dir='ltr'><strong>eis</strong></span> <span class='ocrx_word' id='word_1_222' title='bbox 2544 3797 2647 3863; x_wconf 67' lang='lat' dir='ltr'><strong>ihfi</strong></span> 
     </span>
    </p>
   </div>
   <div class='ocr_carea' id='block_1_21' title="bbox 1874 3953 2722 4036">
    <p class='ocr_par' dir='ltr' id='par_1_24' title="bbox 1874 3953 2722 4036">
     <span class='ocr_line' id='line_1_58' title="bbox 1874 3953 2722 4036; baseline -0.001 -17"><span class='ocrx_word' id='word_1_223' title='bbox 1874 3953 2008 4019; x_wconf 64' lang='lat' dir='ltr'><strong>‘illi</strong></span> <span class='ocrx_word' id='word_1_224' title='bbox 2053 3960 2206 4020; x_wconf 72' lang='lat' dir='ltr'><strong>aute</strong></span> <span class='ocrx_word' id='word_1_225' title='bbox 2252 3972 2382 4018; x_wconf 86' lang='lat' dir='ltr'><strong>non</strong></span> <span class='ocrx_word' id='word_1_226' title='bbox 2426 3971 2722 4036; x_wconf 83' lang='lat' dir='ltr'><strong>oognone</strong></span> 
     </span>
    </p>
   </div>
   <div class='ocr_carea' id='block_1_22' title="bbox 1822 4104 2831 4259">
    <p class='ocr_par' dir='ltr' id='par_1_25' title="bbox 1822 4104 2831 4259">
     <span class='ocr_line' id='line_1_59' title="bbox 1841 4104 2831 4191; baseline -0.004 -17"><span class='ocrx_word' id='word_1_227' title='bbox 1841 4181 1857 4191; x_wconf 51' lang='lat'><em>,</em></span> <span class='ocrx_word' id='word_1_228' title='bbox 1908 4114 2058 4174; x_wconf 89' lang='lat' dir='ltr'><strong>runt</strong></span> <span class='ocrx_word' id='word_1_229' title='bbox 2102 4106 2260 4190; x_wconf 88' lang='lat' dir='ltr'><strong>quid</strong></span> <span class='ocrx_word' id='word_1_230' title='bbox 2304 4106 2693 4190; x_wconf 81' lang='lat' dir='ltr'><strong>loquebatur</strong></span> <span class='ocrx_word' id='word_1_231' title='bbox 2734 4104 2831 4171; x_wconf 81' lang='lat' dir='ltr'><strong>eis</strong></span> 
     </span>
     <span class='ocr_line' id='line_1_60' title="bbox 1822 4225 1880 4259; baseline 0.017 -1"><span class='ocrx_word' id='word_1_232' title='bbox 1822 4225 1880 4259; x_wconf 78' lang='lat' dir='ltr'><strong>ru</strong></span> 
     </span>
    </p>
   </div>
   <div class='ocr_carea' id='block_1_23' title="bbox 1903 4258 2749 4654">
    <p class='ocr_par' dir='ltr' id='par_1_26' title="bbox 1903 4258 2749 4654">
     <span class='ocr_line' id='line_1_61' title="bbox 1909 4258 2619 4345; baseline -0.003 -19"><span class='ocrx_word' id='word_1_233' title='bbox 1909 4260 2095 4327; x_wconf 88' lang='lat' dir='ltr'><strong>Dixit</strong></span> <span class='ocrx_word' id='word_1_234' title='bbox 2138 4281 2297 4345; x_wconf 84' lang='lat' dir='ltr'><strong>ergo</strong></span> <span class='ocrx_word' id='word_1_235' title='bbox 2343 4259 2469 4328; x_wconf 58' lang='lat' dir='ltr'><strong>eim*</strong></span> <span class='ocrx_word' id='word_1_236' title='bbox 2513 4258 2619 4325; x_wconf 64' lang='lat' dir='ltr'><strong>ihs</strong></span> 
     </span>
     <span class='ocr_line' id='line_1_62' title="bbox 1905 4413 2660 4499; baseline -0.009 -16"><span class='ocrx_word' id='word_1_237' title='bbox 1905 4436 2097 4483; x_wconf 82' lang='lat' dir='ltr'><strong>amen</strong></span> <span class='ocrx_word' id='word_1_238' title='bbox 2146 4436 2338 4499; x_wconf 81' lang='lat' dir='ltr'><strong>amen</strong></span> <span class='ocrx_word' id='word_1_239' title='bbox 2385 4413 2533 4480; x_wconf 82' lang='lat' dir='ltr'><strong>dieo</strong></span> <span class='ocrx_word' id='word_1_240' title='bbox 2577 4432 2660 4478; x_wconf 85' lang='lat' dir='ltr'><strong>no</strong></span> 
     </span>
     <span class='ocr_line' id='line_1_63' title="bbox 1903 4565 2749 4654; baseline -0.002 -21"><span class='ocrx_word' id='word_1_241' title='bbox 1903 4569 2004 4634; x_wconf 82' lang='lat' dir='ltr'><strong>bis</strong></span> <span class='ocrx_word' id='word_1_242' title='bbox 2049 4567 2206 4652; x_wconf 80' lang='lat' dir='ltr'><strong>quia</strong></span> <span class='ocrx_word' id='word_1_243' title='bbox 2251 4588 2376 4654; x_wconf 84' lang='lat' dir='ltr'><strong>ego</strong></span> <span class='ocrx_word' id='word_1_244' title='bbox 2421 4568 2499 4634; x_wconf 75' lang='lat' dir='ltr'><strong>mi</strong></span> <span class='ocrx_word' id='word_1_245' title='bbox 2549 4565 2749 4633; x_wconf 77' lang='lat' dir='ltr'><strong>ianua</strong></span> 
     </span>
    </p>
   </div>
   <div class='ocr_carea' id='block_1_24' title="bbox 2070 4722 2517 4896">
    <p class='ocr_par' dir='ltr' id='par_1_27' title="bbox 2070 4722 2517 4896">
     <span class='ocr_line' id='line_1_64' title="bbox 2070 4722 2497 4800; baseline 0 -12"><span class='ocrx_word' id='word_1_246' title='bbox 2070 4722 2227 4800; x_wconf 75' lang='lat' dir='ltr'><strong>oniu</strong></span> <span class='ocrx_word' id='word_1_247' title='bbox 2271 4741 2497 4788; x_wconf 82' lang='lat' dir='ltr'><strong>omnes</strong></span> 
     </span>
     <span class='ocr_line' id='line_1_65' title="bbox 2407 4842 2517 4896; baseline 0 -21"><span class='ocrx_word' id='word_1_248' title='bbox 2407 4842 2517 4896; x_wconf 60' lang='lat'><strong>22*</strong></span> 
     </span>
    </p>
   </div>
  </div>
 </body>
</html>
