3634 5717
315 672 437 738 Fol
482 674 567 738 56

316 876 487 969 ωῑξθθ
527 874 654 958 Spe
700 875 896 960 quide
936 882 1275 960 promptvs

521 1037 621 1096 est
666 1050 816 1096 earo
865 1035 1080 1096 autem
1130 1030 1280 1095 infir

357 1183 442 1248 42
529 1203 637 1248 ma
678 1184 855 1248 Iterfi
902 1185 1189 1251 seeundo
1236 1206 1278 1251 a

316 1268 488 1361 mt⁶299
523 1335 645 1401 biit
689 1342 755 1403 et
798 1337 1013 1402 orabit
1057 1336 1125 1401 di

522 1508 675 1555 cens
721 1494 911 1573 pater
954 1490 1041 1554 mi
1088 1490 1146 1554 si
1188 1511 1317 1555 non

520 1616 737 1727 potest
779 1642 889 1708 hie
935 1642 1109 1707 calix
1153 1649 1299 1709 tran

521 1794 651 1861 sire
694 1795 822 1865 nisi
866 1795 1021 1861 biba
1064 1795 1247 1861 illum
1287 1797 1328 1861 fi

351 1941 436 2005 43
524 1954 592 2013 at
636 1948 938 2057 uoluatas
982 1955 1095 2015 tua
1137 1957 1203 2015 et

524 2100 706 2167 uenit
747 2101 982 2169 iterum
1028 2110 1094 2169 et
1137 2103 1202 2168 in

526 2252 708 2319 uenit
742 2235 865 2320 'eos
911 2253 1204 2320 dormien

531 2412 629 2471 tes
676 2412 863 2471 erant
907 2418 1015 2472 eni
1061 2408 1230 2473 oevli

359 2565 444 2630 44
532 2559 689 2624 θοι-ἡ
735 2559 996 2642 grauati
1043 2566 1108 2625 et
1150 2580 1220 2625 re

527 2710 700 2777 lictis
745 2711 877 2778 illis
925 2713 1092 2779 iterii
1139 2733 1181 2778 a

533 2863 652 2930 biit
697 2872 762 2931 et
806 2865 1019 2931 orabit
1060 2865 1212 2932 terti

532 3038 568 3083 ο
616 3018 827 3084 eunde
867 3038 1231 3085 sermonem

359 3175 444 3239 45
530 3170 756 3237 dicens
803 3173 990 3237 Tvne
1035 3172 1217 3237 uenit
1258 3170 1342 3236 ad

325 3260 497 3304 mt300

402 3310 429 3353 4
534 3322 890 3408 discipulos
935 3343 1087 3390 suos
1128 3330 1193 3390 et

531 3473 692 3541 dicit
736 3475 868 3542 illis
914 3475 1123 3542 dormi

530 3633 595 3694 te
640 3627 772 3694 iam
817 3634 884 3696 et
928 3628 1245 3712 requiesci

532 3787 596 3847 te
641 3801 794 3848 eece
831 3780 1291 3865 adpropinqva

531 3933 627 3998 uit
670 3934 833 3999 hora
877 3941 943 4001 et
986 3934 1158 3998 filius
1198 3933 1284 3998 ho

535 4086 730 4152 minis
774 4087 1068 4154 tradetur
1111 4085 1179 4151 in

536 4260 766 4306 manus
813 4241 1160 4324 peecatorfi

365 4391 449 4454 46
534 4393 783 4477 surgite
827 4412 1051 4459 eamus
1097 4412 1249 4459 eeee

536 4543 1089 4631 adpropinquauit
1131 4546 1239 4629 qvi

1437 664 1812 742 Mtcee'

1668 880 1750 943 47
1841 898 1944 943 me
1990 876 2208 943 tradet
2250 878 2334 942 Et
2374 875 2588 943 adhue

1628 967 1697 1007 mt
1721 964 1791 1007 301

1706 1016 1729 1059 ¹
1835 1031 1980 1115 ipso
2026 1031 2332 1113 loquente
2378 1051 2526 1097 eeee

1832 1182 2023 1249 ivdas
2071 1203 2233 1249 unus
2279 1184 2362 1250 de
2407 1185 2686 1251 duodeci

1828 1336 2013 1403 uenit
2056 1345 2122 1403 et
2165 1345 2240 1402 eir
2286 1357 2363 1403 eo
2411 1340 2601 1406 turba

1833 1490 2039 1555 multa
2083 1497 2162 1555 οῦ
2206 1490 2452 1573 gladiis
2498 1497 2564 1557 et

1832 1642 2111 1708 fustibus
2157 1642 2340 1707 missi
2388 1664 2429 1709 a
2473 1643 2621 1734 prin

1838 1794 2032 1885 cipib'
2074 1793 2421 1861 sacerdotfi
2467 1803 2534 1862 et

1834 1949 2138 2014 seniorib’
2182 1949 2407 2033 populi

1661 2099 1745 2163 48
1835 2100 1960 2178 Qui
2006 2107 2154 2166 aute
2199 2100 2475 2166 tradidit
2519 2108 2596 2189 e?

1630 2184 1801 2228 mt302

1838 2252 2021 2319 dedit
2062 2253 2196 2319 illis
2235 2253 2432 2337 siguli
2484 2254 2553 2318 di

1837 2426 1991 2472 eene
2038 2407 2304 2489 quem’rq'
2349 2407 2574 2472 escula

1837 2564 1940 2624 tus
1995 2559 2177 2625 fuero
2222 2559 2367 2644 ipse
2412 2566 2513 2625 est

1664 2723 1747 2787 49
1838 2717 2058 2776 tenete
2102 2713 2185 2778 εὖ
2233 2718 2298 2778 et
2341 2713 2564 2778 confes

1837 2871 1888 2928 ti
1933 2864 2255 2931 accedens
2301 2864 2383 2931 ad
2430 2865 2558 2930 ihffi
2605 2864 2721 2930 dix

1840 3016 1893 3082 it
1935 3017 2106 3083 habe
2156 3018 2341 3083 rabbi
2387 3025 2452 3084 et
2496 3038 2652 3084 θεον

1840 3171 2011 3236 latus
2053 3178 2152 3236 est
2197 3173 2279 3236 e1'1
2325 3171 2430 3236 ihe
2476 3176 2625 3237 aute

1666 3317 1754 3382 50
1841 3322 2013 3388 dixit
2056 3323 2154 3401 illi
2199 3322 2409 3388 amice
2455 3323 2539 3387 ad
2587 3343 2671 3406 qu

1840 3474 1923 3540 od
1970 3474 2208 3540 uenisti
2254 3482 2407 3541 tune
2451 3495 2529 3540 ae

1841 3633 2177 3693 cesserunt
2222 3633 2287 3693 et
2329 3647 2558 3692 manus

1842 3778 2203 3844 inieeervnt
2244 3779 2312 3844 in
2361 3777 2492 3843 ibsn
2539 3786 2605 3845 et
2657 3740 2660 3747 .

1670 3941 1748 4007 51
1844 3938 2191 3997 tenuerunt
2236 3934 2317 3997 eli
2364 3939 2429 3998 et

1847 4105 1997 4151 ecee
2041 4105 2205 4150 unvs
2252 4084 2482 4150 ex'his
2529 4085 2638 4168 qui

1847 4245 2033 4304 erant
2077 4258 2221 4303 evm
2268 4236 2381 4302 ihfi
2428 4244 2621 4303 exten

1845 4389 2008 4457 dens
2055 4392 2252 4456 manli
2300 4391 2543 4457 exemit

1845 4543 2078 4627 gladifi
2125 4562 2309 4608 suum
2357 4548 2422 4609 et
2467 4564 2584 4628 per

2015 4695 2264 4761 cutiens
2372 4743 2386 4772 ,

2735 677 2853 742 107
