3634 5717
720 666 846 732 338

928 868 1123 934 iudaei
1166 875 1239 934 ut
1281 867 1337 934 si
1383 867 1528 951 quis
1575 878 1658 935 eu
1704 888 1825 934 eon

928 1020 1219 1088 fiteretur
1262 1033 1416 1105 xpm
1463 1028 1652 1089 extra

756 1176 837 1240 23
924 1185 1274 1260 synagoge
1315 1174 1501 1240 fieret
1547 1195 1711 1260 prop

755 1634 840 1697 24

754 3158 839 3221 2ss

754 3620 832 3684 27

751 4399 835 4462 28

929 1333 1113 1395 terea
1134 1333 1464 1438 ‘parentes
1510 1328 1650 1395 eius

930 1479 1238 1546 dixerunt
1279 1429 1474 1547 {etate
1519 1481 1718 1547 habet

927 1634 1076 1719 ipsu
1123 1635 1528 1719 interrogate
1573 1654 1655 1699 uo

930 1795 1244 1855 cauerunt
1287 1807 1447 1871 ergo
1492 1809 1602 1854 rur

929 1941 1007 2004 su
1054 1939 1316 2005 homine
1363 1940 1473 2024 qui
1519 1941 1627 2008 fue

930 2100 1033 2160 rat
1076 2113 1284 2159 eaeeus
1329 2100 1396 2160 et
1437 2093 1742 2160 dixerunt

932 2247 992 2312 ei
1039 2246 1127 2313 da
1170 2248 1416 2314 honore
1464 2248 1551 2314 dc>
1596 2269 1718 2315 nos

929 2400 1170 2466 seimus
1215 2400 1371 2483 quia
1416 2400 1523 2465 hie
1566 2401 1759 2466 homo

929 2561 1237 2638 peccator
1276 2560 1377 2620 est
1420 2554 1592 2621 dixit
1634 2574 1707 2620 er

927 2729 1014 2792 go
1060 2707 1173 2774 ille
1217 2706 1273 2773 si
1320 2715 1627 2792 peccator
1669 2715 1770 2774 est

927 2861 1149 2927 neseio
1194 2861 1326 2926 uufi
1372 2860 1509 2926 seio
1555 2861 1713 2944 quia

927 3033 1135 3079 eaeeus
1179 3013 1361 3079 fueri
1403 3021 1471 3080 et
1516 3013 1710 3079 modo
1799 3047 1806 3052 ·

925 3167 1120 3232 uideo
1162 3164 1469 3234 dixerunt
1513 3187 1672 3251 ergo

928 3318 1025 3384 ini
1070 3318 1228 3402 quid
1273 3320 1429 3386 feeit
1472 3320 1590 3386 tibi
1638 3342 1765 3405 quo

926 3473 1119 3540 modo
1164 3474 1421 3558 aperuit
1465 3474 1582 3540 tibi
1632 3496 1670 3538 ο

923 3629 1122 3694 culos,
1170 3628 1509 3712 respondit
1553 3627 1650 3694 eis

923 3782 1064 3850 dixi
1105 3781 1292 3848 uobis
1338 3777 1468 3847 iam
1516 3788 1583 3846 et
1625 3779 1815 3846 audis

922 3934 1008 4000 tis
1053 3933 1209 4018 quid
1250 3933 1421 4001 iterii
1468 3931 1664 3998 uultis

924 4087 1153 4153 audire
1197 4084 1447 4170 miquid
1493 4092 1559 4152 et
1605 4105 1720 4150 uos

924 4240 1121 4307 uultis
1167 4238 1473 4323 discipuli
1520 4237 1661 4326 eius

921 4394 1060 4460 fieri
1109 4391 1590 4458 maledixerunt

921 4546 982 4612 ei
1030 4553 1098 4611 et
1140 4498 1445 4612 dixeruut
1489 4552 1557 4610 tu
1603 4544 1695 4610 sis

1090 4698 1532 4783 diseupuiusss]

1844 631 1958 730 1'012
2008 663 2145 731 09

2074 1020 2157 1085 29

2069 2390 2142 2453 31

2067 3163 2152 3228 32

2060 3620 2145 3686 33

2244 868 2385 935 eius
2430 888 2552 934 nos
2597 868 2657 934 h'
2702 868 3011 953 discipuli
3060 890 3166 934 mo

2247 1022 2324 1088 si.
2367 1040 2589 1088 sumus
2634 1041 2755 1087 nos
2801 1021 3044 1087 eeimvs

2248 1175 2405 1258 quia
2445 1174 2612 1240 mosi
2662 1174 2917 1240 loeutus
2963 1201 3021 1233 -ι-

2242 1326 2321 1393 de
2366 1327 2538 1394 hune
2570 1302 2735 1394 'aute
2781 1328 2961 1393 nesci

2242 1500 2384 1546 mus
2427 1479 2752 1547 unde-sit.
2798 1501 3035 1567 respon

2241 1632 2339 1700 dit
2382 1633 2498 1699 ille
2541 1633 2736 1701 homo
2779 1641 2847 1701 et
2893 1634 3005 1700 dix

2242 1785 2295 1852 it
2336 1788 2436 1854 eis
2480 1788 2546 1853 in
2596 1788 2720 1854 hoe
2762 1800 2872 1854 eui
2918 1788 3085 1854 mira

2242 1939 2374 2006 bile
2416 1946 2519 2006 est
2563 1941 2720 2024 quia
2756 1961 2875 2007 uos
2919 1961 3037 2008 nes

2242 2092 2391 2160 citis
2435 2092 2609 2160 uude
2655 2094 2741 2161 sit
2784 2102 2853 2161 et
2896 2118 2939 2161 a

2240 2246 2456 2332 peruit
2499 2247 2722 2314 oeulos
2769 2268 2948 2314 meos

2238 2400 2479 2467 seimus
2523 2400 2681 2484 quia
2725 2409 2996 2486 peceato

2239 2572 2343 2619 res
2388 2553 2466 2619 de
2513 2575 2643 2620 nou
2689 2555 2961 2623 exaudit

2237 2708 2356 2774 sed
2400 2708 2455 2772 si
2499 2708 2643 2792 quis
2687 2707 2757 2773 di
2804 2709 3013 2775 cultor

2241 2868 2342 2927 est
2385 2866 2453 2927 et
2495 2862 2832 2928 uoluntate
2872 2862 3016 2929 eius

2240 3014 2401 3081 faeit
2447 3014 2620 3081 hune
2662 3016 2933 3082 exaudit

2240 3191 2281 3235 a
2324 3170 2563 3235 saeeulo
2609 3171 2895 3253 nuquam
2943 3174 3044 3236 est

2238 3322 2466 3388 auditu
2510 3321 2667 3405 quia
2709 3322 2969 3407 aperuit

2237 3475 2382 3558 quis
2428 3476 2651 3542 oeulos
2696 3476 2853 3541 eaeei
2898 3495 2985 3542 na

2234 3627 2283 3693 ti
2331 3589 2459 3694 uisi
2506 3636 2682 3696 esset
2726 3628 2833 3695 hie
2877 3651 2920 3696 a
2962 3628 3050 3695 ds>

2236 3802 2364 3846 non
2412 3788 2672 3865 poterat
2710 3783 2857 3849 face

2236 3955 2306 4001 re
2351 3934 2648 4020 quicquit.
2692 3937 2955 4020 Respon

2234 4087 2470 4155 derunt
2511 4057 2579 4156 et
2621 4087 2929 4156 dixerunt

2235 4242 2294 4307 ei
2343 4242 2409 4307 in
2457 4242 2750 4327 peecatis
2796 4252 2987 4311 natvs

2233 4415 2303 4461 es
2347 4403 2521 4463 totus
2567 4405 2635 4463 et
2677 4404 2745 4463 tu
2794 4398 2991 4464 doces

2231 4569 2351 4615 nos
2396 4556 2463 4616 et
2506 4550 2839 4618 eiecerunt
2881 4558 2961 4618 e?

2536 4705 2711 4770 foras
