3634 5717
717 653 839 718 192

727 1013 814 1075 11.
869 1010 944 1074 12
1001 1007 1207 1073 censi's
1256 1014 1322 1074 et
1366 1007 1599 1073 uidens
1644 1007 1852 1073 zacha

714 1093 739 1143 †
766 1094 1056 1193 gpxffirugggo
1163 1160 1175 1174 .

767 1199 837 1240 ιω,
864 1196 945 1240 dffi
971 1202 1045 1239 gt„
1126 1181 1259 1226 rias
1304 1161 1598 1226 turbatus
1646 1167 1745 1225 est
1790 1166 1858 1226 et

764 1300 802 1343 is
830 1300 903 1343 inc

752 1468 827 1532 13

757 2523 830 2585 14

756 3149 833 3209 15

756 3913 830 3974 16

907 1300 1004 1342 ensi

919 855 1150 921 orabat
1195 855 1351 921 foris
1395 854 1560 920 hora
1600 854 1669 919 in

917 1487 1062 1531 eum
1109 1465 1204 1530 ait
1249 1472 1464 1530 autem
1513 1465 1597 1530 ad
1645 1464 1689 1527 il

919 1619 1048 1683 lum
1098 1616 1372 1701 angelus
1419 1638 1503 1682 ne
1549 1615 1705 1680 time

920 1790 992 1835 as
1033 1769 1341 1834 zacharia
1384 1779 1510 1852 qus)
1557 1788 1723 1834 exav

920 1920 1060 1986 dita
1105 1929 1206 1987 est
1247 1921 1625 2005 deprecatio

918 2079 1030 2138 tua
1073 2079 1139 2139 et
1184 2093 1346 2139 uxor
1389 2080 1502 2138 tua
1548 2072 1634 2137 eli

917 2226 1145 2291 sabeth
1194 2226 1409 2311 pariet
1451 2225 1571 2290 tibi
1617 2225 1710 2289 fili

921 2400 1025 2445 um
1073 2388 1138 2445 et
1184 2378 1449 2445 uocabis
1496 2399 1732 2443 nomen

916 2532 1057 2598 eius
1104 2533 1455 2597 iohannem
1502 2537 1567 2597 et
1612 2552 1648 2597 e

916 2684 1001 2749 rit
1047 2684 1358 2768 gaudium
1403 2683 1522 2749 tibi
1570 2689 1635 2748 et

916 2835 1233 2901 exultatio
1281 2845 1345 2901 et
1390 2837 1574 2901 multi

918 2988 983 3053 in
1032 2988 1380 3054 natiuitate
1423 2988 1562 3053 eius
1599 3007 1726 3071 gau

920 3141 1164 3206 debunt
1210 3141 1333 3205 crit
1379 3142 1550 3206 enim
1599 3161 1753 3222 mag

920 3315 1036 3359 nus
1083 3315 1299 3359 coram
1348 3292 1477 3358 dfio
1524 3302 1588 3358 et
1633 3293 1789 3358 uim‘l

917 3456 982 3515 et
1028 3449 1302 3512 siceram
1352 3466 1481 3510 non
1529 3446 1705 3510 bibet

919 3609 982 3666 et
1027 3610 1150 3683 spi]
1197 3611 1308 3665 sce
1354 3598 1711 3683 replebitur

919 3752 1134 3819 adhuc
1180 3753 1244 3816 in
1292 3762 1475 3817 utero
1524 3749 1749 3815 matris

917 3928 1075 3973 suae
1121 3914 1186 3972 et
1233 3906 1467 3970 multos
1516 3905 1649 3968 filio

798 4077 805 4085 '
921 4082 1059 4125 rum
1105 4059 1344 4125 israhel
1393 4078 1631 4123 conuel-

921 4220 1012 4278 tet
1059 4212 1139 4277 ad
1189 4212 1344 4277 dfim
1392 4212 1497 4277 dffi
1549 4213 1767 4295 ipson-tr

1121 1313 1315 1378 timor
1360 1311 1598 1378 cecidit
1641 1333 1839 1396 super

1845 650 2109 717 LcCl

2073 848 2149 920 17

2079 1921 2151 1985 18

2035 2774 2078 2815 lc
2105 2772 2130 2813 2

2085 2823 2136 2864 10

2065 2889 2081 2917 1

2241 861 2307 920 61;
2351 855 2493 938 ipse
2536 853 2853 940 praecedit
2897 862 3050 922 ante

2200 1006 2424 1072 'illum
2473 1007 2539 1071 in
2586 1009 2711 1092 spfi
2759 1014 2825 1074 et
2867 1009 3108 1076 uirtute

2239 1158 2458 1225 heliae
2505 1169 2573 1227 ut
2619 1167 2961 1227 conuertat

2240 1312 2442 1378 corda
2484 1319 2742 1397 patrum
2785 1312 2852 1377 in
2894 1313 2986 1378 fili

2241 1486 2314 1531 os
2360 1472 2427 1532 et
2472 1465 2843 1532 incredulos
2889 1465 2972 1531 ad

2242 1582 2654 1702 prud-entiam
2703 1618 2947 1682 iustorir

2244 1791 2477 1855 parare
2522 1768 2654 1836 dile
2702 1768 2958 1854 plebem

2240 1922 2616 2022 perfectam.
2663 1929 2728 1987 et
2774 1920 2942 1986 dixit

2238 2071 2576 2140 zacharias
2624 2073 2707 2140 ad
2755 2073 3001 2158 angelii

2239 2225 2413 2292 unde
2458 2225 2582 2291 hoc
2626 2226 2830 2292 sciam
2876 2246 3001 2311 ego

2243 2379 2416 2446 enim
2463 2398 2603 2444 sum
2649 2399 2854 2445 senex
2901 2385 2966 2445 et

2241 2552 2403 2597 uxor
2448 2552 2596 2598 mea
2641 2531 2962 2616 processit

2243 2687 2308 2751 in
2358 2686 2587 2752 diebus
2631 2685 2767 2750 suis
2811 2684 2894 2748 Et
2941 2704 3043 2749 res

2243 2838 2545 2922 pendens
2591 2836 2867 2921 angelus
2914 2835 3029 2901 dix

2240 2993 2292 3057 it
2333 2992 2393 3057 ei
2439 3010 2564 3075 ego
2605 3009 2745 3055 sum
2794 2988 3048 3073 gabriel

2238 3144 2348 3228 qui
2394 3143 2582 3209 adsto
2630 3148 2782 3207 ante
2830 3140 2936 3205 dm
2983 3146 3049 3205 et

2155 3340 2168 3347 „
2240 3297 2474 3362 missus
2520 3316 2660 3360 sum
2709 3293 2884 3378 loqui
2932 3293 3020 3359 ad

2068 3600 2153 3664 20

2241 3455 2306 3514 te
2352 3455 2418 3514 et
2461 3448 2626 3512 haec
2671 3447 2787 3511 tibi
2835 3465 3003 3512 enan

2240 3601 2526 3684 gelizare
2572 3605 2637 3665 et
2681 3619 2832 3665 ecce
2879 3598 3009 3664 eris

2243 3761 2467 3818 tacens
2514 3758 2580 3818 et
2623 3772 2750 3816 non
2802 3756 2954 3834 pote

2242 3907 2331 3971 ris
2378 3905 2555 3988 loqui
2599 3904 2735 3988 usq’
2782 3902 2847 3967 in
2895 3903 3072 3968 diem

2243 4081 2369 4142 quo
2417 4060 2582 4126 haec
2627 4058 2788 4124 fiant
2833 4076 2949 4140 pro
2998 4075 3076 4120 eo

2243 4214 2412 4296 quod
2463 4234 2591 4277 non
2639 4208 2978 4276 credidisti
