3634 5717
2856 689 2951 750 XI

393 894 429 937 0
474 897 579 948 pro
622 894 695 939 u:
745 877 966 954 fulgor3
1012 896 1048 939 o
1092 897 1197 949 pro
1242 895 1358 941 au:
1408 878 1575 938 clodi.

400 998 445 1041 u
488 999 593 1051 pro
638 996 700 1042 o:
750 978 1076 1039 aduliscens
1123 980 1262 1053 (Mt.
1318 987 1415 1059 19,
1463 987 1559 1042 20.
1614 989 1727 1056 223
1772 982 1873 1041 Lc.
1933 988 2026 1059 15,
2082 989 2174 1040 12.
2229 988 2355 1056 13),
2401 961 2688 1053 parabula'
2724 987 2813 1057 (8,
2864 989 2950 1055 9).

648 1063 916 1125 diabulus
961 1068 1050 1140 (8,
1104 1069 1227 1140 12).

396 1165 465 1225 In
510 1166 876 1247 compositis
919 1168 1261 1228 assimilatio
1306 1169 1646 1242 negligitur:
1694 1169 1932 1240 adlidit,
1978 1168 2335 1244 adtulerunt,
2382 1168 2780 1240 adinpleretur
2809 1170 2946 1238 (Mt.

652 1261 710 1324 2,
760 1256 891 1328 23),
937 1253 1224 1332 adfectus,
1291 1254 1732 1330 adpraehendit,
1799 1254 2133 1328 adqvirunt,
2192 1253 2503 1324 adlevavit,
2562 1255 2950 1322 adnuntiavit„

647 1339 979 1412 adspersus,
1033 1340 1360 1416 adsumens,
1423 1341 1705 1401 conburet
1763 1341 1901 1415 (Mt.
1954 1347 2010 1414 3,
2064 1342 2190 1416 12),
2258 1339 2574 1414 conlocata,
2620 1339 2950 1408 conludere,

649 1425 853 1502 inruit,
898 1425 1166 1504 inlectus,
1212 1425 1555 1504 inluserunt,
1602 1425 1916 1502 inmobilis,
1962 1424 2331 1503 inmunditia,
2377 1426 2606 1498 inpone.

801 1543 999 1603 Pauca
1040 1544 1112 1603 de
1159 1545 1520 1606 formationis
1566 1547 1832 1606 doctrina
1874 1556 1937 1605 et
1978 1545 2211 1617 syntaxi
2256 1544 2582 1604 videamus:

394 1643 462 1703 In
508 1643 880 1708 nominibus
922 1648 1218 1706 invenitur
1239 1650 1604 1709 accusativus
1635 1668 1729 1711 em
1757 1670 1863 1722 pro
1893 1647 2007 1710 im:
2056 1668 2278 1722 navem,
2320 1658 2571 1724 turrem,
2617 1666 2663 1710 n
2707 1669 2813 1719 pro
2857 1664 2948 1709 m:

649 1731 949 1809 caiaphan,
979 1733 1287 1808 iohannen,
1310 1746 1579 1812 satanan,
1607 1734 1927 1817 yenitivus
1945 1733 2107 1814 siny.
2134 1731 2581 1796 declinationis
2602 1732 2668 1792 H
2689 1733 2718 1795 i
2739 1753 2842 1805 pro
2866 1731 2946 1794 ii:

650 1816 733 1874 fili
778 1816 951 1876 david
998 1818 1136 1892 (Μῐο
1191 1826 1244 1894 l,
1299 1823 1389 1894 ΓΗ
1438 1820 1583 1884 decl.
1628 1818 1679 1883 I
1710 1841 1815 1892 pro
1860 1817 1976 1882 Π.·
2018 1819 2507 1892 archisynagogae
2564 1819 2704 1892 (Mr.
2735 1826 2791 1894 5,
2820 1827 2950 1891 38),

649 1898 799 1965 decl.
828 1899 921 1965 II
930 1923 1036 1976 pro
1059 1901 1214 1966 III:
1257 1925 1395 1966 oves
1427 1908 1585 1980 gregi
1622 1907 1763 1982 (Mr.
1798 1910 1894 1981 14,
1924 1909 2052 1982 27),
2098 1925 2237 1964 vaso
2263 1905 2393 1980 (Le.
2422 1911 2479 1980 8,
2513 1910 2650 1984 16),
2696 1902 2845 1968 decl.
2870 1901 2963 1966 II

647 2008 753 2059 pro
806 1985 942 2051 IV:
985 1989 1304 2050 discubitos
1352 1992 1493 2061 (Mr.
1549 1999 1644 2066 12,
1703 1998 1844 2068 39),
1888 1991 2112 2050 fructos
2158 1990 2287 2065 (Lc.
2340 1998 2395 2066 3,
2446 1993 2533 2066 8),
2579 1999 2760 2062 nupto
2808 1989 2943 2063 (Mt.

649 2078 749 2147 24,
799 2077 941 2152 38),
1005 2074 1261 2139 masctd.
1318 2097 1422 2149 pro
1468 2081 1789 2140 neutrum:
1857 2077 2135 2136 iudicium
2201 2095 2429 2135 omnem
2496 2075 2653 2149 (Ioh.
2709 2083 2768 2148 5,
2818 2082 2948 2151 22),

648 2157 888 2218 verbum
932 2171 1258 2221 manentem
1308 2165 1390 2235 (v.
1419 2167 1549 2240 38),
1592 2183 1834 2235 granum
1880 2162 2098 2233 sinapis
2123 2195 2205 2204 —
2231 2195 2311 2203 —-
2336 2162 2522 2220 maior
2545 2162 2686 2230 (Mr.
2723 2167 2781 2238 4,
2818 2168 2948 2234 32),

647 2245 829 2303 linum
872 2244 1249 2317 fumigantem
1298 2247 1439 2320 (Mt.
1492 2254 1588 2324 12,
1637 2249 1776 2324 20),
1820 2263 2013 2308 masc.
2063 2266 2168 2317 pro
2203 2243 2400 2327 fem:
2460 2245 2663 2305 relicto
2708 2247 2949 2305 sindone

652 2328 794 2400 (Mr.
830 2333 926 2404 14,
953 2333 1090 2406 52),
1110 2327 1267 2410 fem.
1298 2351 1403 2403 pro
1432 2334 1666 2393 neutr..·
1696 2351 2047 2403 purpuream
2072 2332 2484 2388 vestimentum
2527 2330 2684 2403 (Ioh.
2717 2337 2815 2407 19,
2848 2333 2949 2404 5),

643 2411 803 2494 fem.
851 2433 956 2484 pro
998 2432 1225 2477 masa:
1266 2415 1586 2475 homicidas
1629 2415 1760 2474 illas
1807 2415 1943 2489 (Mt.
1999 2422 2098 2489 22,
2149 2416 2233 2482 7).

399 2513 540 2577 Abl.
564 2535 670 2588 pro
695 2532 854 2576 aea:
899 2513 1053 2572 iuter
1082 2515 1442 2589 principibus
1467 2517 1605 2583 (Mt.
1637 2526 1692 2590 2,
1722 2523 1808 2590 6),
1853 2516 2086 2588 baptizo
2111 2548 2193 2558 —
2227 2516 2284 2573 in
2315 2516 2675 2587 paenitentia
2698 2520 2787 2590 (3,
2827 2521 2952 2592 11),

650 2599 995 2658 ascendente
1041 2619 1110 2659 eo
1155 2602 1213 2660 in
1259 2603 1525 2662 navicula
1569 2606 1657 2676 (8,
1695 2606 1825 2678 23),
1873 2602 2107 2660 mittere
2153 2618 2353 2673 pacem
2383 2602 2443 2660 in
2476 2611 2631 2660 terra
2662 2603 2792 2675 (10,
2822 2603 2952 2676 34),

648 2685 812 2743 venit
854 2686 915 2743 in
958 2684 1167 2745 finibus
1217 2692 1347 2761 (15,
1397 2689 1526 2764 39),
1573 2688 1944 2760 demergatur
1987 2688 2043 2745 in
2092 2686 2379 2758 profundo
2427 2691 2558 2762 (18,
2593 2693 2678 2763 6),
2725 2706 2954 2758 praece·

652 2770 799 2829 dunt
820 2771 879 2829 in
905 2789 1078 2842 regno
1104 2776 1232 2846 (21,
1265 2779 1395 2849 31),
1420 2775 1645 2846 accepit
1668 2792 1819 2844 aqua
1844 2775 1975 2848 (27,
2001 2774 2134 2849 24),
2169 2782 2305 2843 post
2325 2791 2634 2843 parasceve
2660 2775 2790 2846 (27,
2819 2773 2949 2848 62),

645 2876 817 2929 surge
863 2857 921 2915 in
964 2856 1155 2917 medio
1202 2858 1344 2932 (Mr.
1375 2866 1431 2935 3,
1481 2861 1568 2936 3),
1613 2858 1676 2917 in
1703 2858 1903 2918 furore
1932 2878 2135 2917 versus
2168 2860 2248 2933 (v.
2287 2861 2416 2930 21),
2459 2857 2953 2929 blasphemaverit

644 2943 702 3000 in
747 2943 960 3014 spiritu
1003 2953 1202 3002 sancto
1249 2946 1330 3014 (v.
1384 2946 1514 3020 29),
1559 2944 1828 3003 introivit
1870 2945 1931 3003 in
1975 2943 2148 3004 corde
2196 2945 2285 3020 (7,
2330 2947 2456 3017 19),
2502 2943 2843 3015 adsumptus
2888 2944 2949 3002 in

644 3026 819 3087 caelis
867 3030 999 3106 (16,
1050 3033 1185 3104 19),
1231 3050 1409 3102 super
1451 3030 1745 3101 responsis
1792 3029 1923 3103 (Lc.
1975 3036 2032 3106 2,
2080 3031 2221 3106 47),
2280 3030 2529 3088 intraret
2572 3029 2633 3088 in
2677 3030 2950 3101 sinagoga

646 3119 732 3190 (6,
765 3119 851 3189 6),
897 3113 1033 3173 date
1064 3116 1238 3173 —in
1282 3135 1457 3175 manu
1486 3115 1662 3174 —in
1690 3114 1937 3187 pedibus
1985 3117 2117 3192 (15,
2158 3119 2289 3194 22),
2333 3124 2670 3187 portaretur
2712 3114 2772 3172 in
2816 3115 2947 3173 sinu

644 3198 917 3258 Abrahae
964 3202 1097 3276 (16,
1124 3207 1256 3277 22),
1302 3200 1660 3260 declinarent
1701 3200 1931 3260 vultum
1974 3200 2033 3259 in
2079 3209 2239 3259 terra
2294 3203 2426 3277 (24,
2475 3201 2562 3277 5),
2607 3218 2842 3259 reversa
2884 3200 2946 3258 in

641 3283 810 3344 domo
856 3304 963 3344 sua
1008 3287 1097 3362 (1,
1145 3288 1277 3364 56),
1323 3285 1632 3346 secedebat
1674 3288 1734 3345 in
1779 3286 2012 3345 deserto
2060 3288 2148 3361 (5,
2200 3291 2336 3362 16),
2382 3285 2529 3343 exiit
2572 3285 2632 3343 in
2677 3283 2949 3343 universa

642 3367 863 3428 Iudaea
908 3372 997 3448 (7,
1029 3373 1156 3446 17),
1204 3372 1562 3431 intraveritis
1607 3374 1669 3430 in
1714 3390 2076 3443 quacumque
2121 3370 2360 3429 civitate
2395 3369 2523 3446 (10,
2553 3372 2639 3446 8),
2686 3369 2949 3428 ascendit

644 3452 1070 3526 Hierosolymis
1109 3455 1267 3532 (Ioh.
1303 3465 1361 3534 5,
1406 3464 1490 3534 1),
1527 3458 1793 3538 accipere
1827 3476 1959 3515 eum
2002 3457 2060 3514 in
2097 3455 2230 3515 navi
2268 3459 2356 3532 (6,
2384 3461 2515 3532 21),
2554 3464 2748 3514 aetate
2772 3452 2949 3513 habet

647 3542 735 3618 (9,
776 3543 906 3618 23),
950 3561 1130 3613 prope
1176 3542 1415 3602 civitate
1463 3544 1595 3620 (19,
1645 3548 1774 3620 20),
1820 3550 2060 3614 propter
2102 3559 2410 3612 parasceve
2455 3543 2537 3614 (v.
2586 3545 2719 3614 42),
2766 3540 2948 3598 traxit

642 3627 703 3685 in
746 3636 905 3686 terra
949 3630 1081 3704 (21,
1134 3631 1257 3701 11).
1434 3701 1441 3708 .

389 3726 535 3793 Ace.
582 3748 688 3800 pro
733 3726 890 3792 abl..·
930 3728 1145 3801 baptiz.
1179 3731 1236 3788 in
1270 3728 1547 3788 iol-danen
1588 3728 1727 3810 (Mt.
1757 3737 1814 3804 3,
1865 3731 1951 3806 6),
1998 3728 2174 3787 eiecit
2200 3726 2506 3786 daemones
2537 3728 2597 3786 in
2627 3727 2947 3799 principem

649 3817 781 3888 (12,
844 3817 974 3892 24),
1035 3835 1165 3873 cum
1230 3834 1410 3874 uuum
1468 3813 1694 3873 oculum
1756 3819 1889 3890 (18,
1953 3817 2053 3889 9),
2112 3812 2363 3871 vidimus
2422 3823 2479 3871 te
2540 3814 2598 3871 in
2656 3832 2944 3872 carcerem

612 3903 780 3974 ,(25,
809 3908 903 3962 39.
934 3905 1065 3974 44),
1112 3899 1415 3960 sedeamus
1464 3900 1521 3958 in
1564 3900 1805 3972 gloriam
1853 3911 2009 3959 tuan·
2046 3898 2187 3972 (Mr.
2223 3904 2316 3969 10,
2368 3901 2498 3975 37),
2543 3898 2839 3957 sedentem
2887 3900 2944 3957 in

645 3984 855 4045 stolam
899 3986 1201 4045 candidam
1249 3989 1379 4061 (16,
1407 3987 1495 4058 5),
1540 3986 1818 4057 baptizati
1864 3985 2218 4058 baptismum
2259 3984 2387 4058 (Le.
2420 3987 2474 4060 7,
2502 3990 2633 4060 29),
2678 3983 2948 4043 recubuit

647 4070 707 4132 in
752 4070 984 4132 domum
1031 4074 1119 4148 (7,
1149 4074 1279 4145 37),
1325 4071 1586 4142 indigent
1614 4073 2032 4143 paenitentiam
2065 4073 2196 4146 (15,
2227 4073 2311 4148 7),
2356 4070 2703 4131 seditionem
2733 4070 2946 4129 factam

647 4158 703 4216 in
741 4157 1041 4217 civitatem
1087 4164 1219 4235 (23,
1273 4158 1398 4233 19),
1443 4156 1515 4214 de
1558 4156 1754 4216 iudam
1801 4157 1959 4232 (Ioh.
1997 4165 2053 4230 6,
2104 4158 2234 4229 72),
2278 4156 2493 4215 mansit
2536 4157 2595 4214 in
2627 4152 2943 4214 Galilaeam

648 4245 736 4318 (7,
786 4245 873 4318 9),
927 4243 1083 4301 sedit
1125 4243 1186 4302 in
1229 4242 1419 4301 locum
1465 4245 1596 4320 (19,
1650 4245 1775 4318 13),
1836 4251 2200 4302 remanerent
2243 4241 2304 4299 in
2356 4261 2585 4301 crucem
2632 4243 2765 4318 (19,
2814 4246 2942 4312 31).

390 4339 593 4407 Dativ
636 4365 739 4416 pro
785 4340 947 4407 abl:
991 4346 1166 4404 misso
1211 4345 1562 4416 speculatori
1610 4344 1751 4418 (Mr.
1802 4352 1860 4412 6,
1910 4347 2037 4419 27).

389 4444 535 4510 Ace.
574 4467 679 4519 pro
710 4464 903 4511 nom.:
951 4467 1156 4519 panem
1202 4466 1373 4518 quem
1419 4446 1566 4506 dabo
1612 4481 1694 4491 —
1740 4458 1834 4506 est
1880 4447 2045 4518 (Joh.
2078 4457 2135 4522 6,
2172 4455 2303 4524 52),
2350 4466 2670 4507 sermonem
2704 4465 2817 4505 non
2853 4457 2944 4504 est

643 4552 834 4592 mcum
881 4537 1013 4608 (14,
1062 4537 1189 4607 24).

391 4614 574 4681 Nom.
618 4615 783 4699 Siny.
830 4638 933 4690 pro
980 4634 1102 4681 aco.
1136 4615 1343 4699 plut:
1387 4637 1490 4690 pes
1534 4628 1761 4677 vestros
1808 4617 1965 4692 (Ioh.
2023 4625 2118 4695 13,
2173 4623 2295 4690 14).

559 4718 887 4781 Pronomen
931 4720 1016 4780 hii
1060 4740 1165 4793 pro
1208 4719 1271 4782 hi
1314 4739 1488 4793 saepe
1532 4720 1746 4793 legitur
1790 4724 1873 4796 (v,
1921 4742 1970 4781 c.
2017 4721 2127 4782 Mt.
2177 4727 2278 4799 20,
2331 4725 2425 4778 12.
2474 4723 2602 4793 21).
