3634 5717
738 673 867 740 214
1872 675 1966 740 Le
2008 673 2060 741 O
2102 675 2146 742 5

773 877 852 942 19
941 883 1009 943 et
1054 899 1185 945 non
1232 877 1647 946 inuenientes
1691 898 1822 964 qva
2102 879 2189 946 24
2275 884 2346 945 ut
2387 875 2612 945 sciatis
2658 883 2876 944 autem
2923 874 3080 958 qnia

949 1034 1139 1112 parte
1182 1049 1332 1097 eum
1373 1028 1691 1097 inferrent
2272 1029 2444 1097 filius
2489 1026 2776 1095 hominis
2819 1031 3082 1111 potesta

947 1199 1085 1266 prae
1128 1181 1322 1249 turba
1365 1180 1805 1250 ascenderunt
2271 1189 2401 1250 tem
2446 1181 2649 1249 habet
2688 1179 2755 1246 in
2799 1184 2976 1247 terra
3019 1175 3089 1243 di

946 1352 1151 1419 supra
1192 1338 1431 1401 tectum
1476 1339 1544 1401 et
1581 1353 1701 1418 per
2272 1335 2531 1405 mittere
2573 1337 2852 1420 peecata
2893 1329 2992 1397 ait

950 1487 1211 1571 tegulas
1254 1485 1630 1553 summiseit
2268 1486 2637 1575 paralytico
2682 1484 2804 1553 tibi
2846 1484 2995 1551 dieo
3035 1501 3150 1550 sur

944 1637 1128 1704 illum
1174 1658 1318 1705 eum
1361 1639 1532 1706 lecto
1574 1637 1645 1704 in
1688 1637 1864 1706 medi
2270 1659 2353 1725 ge
2396 1639 2557 1706 tolle
2598 1639 2839 1706 lectum
2885 1636 3000 1703 tufi

762 1774 863 1883 ,20
947 1810 987 1855 ⁰
1033 1796 1188 1857 ³¹¹oe
1231 1790 1364 1857 ihm
1404 1811 1672 1875 (luorum
1718 1791 1762 1857 fi
2268 1800 2336 1861 et
2377 1793 2550 1860 nade
2591 1791 2660 1857 in
2706 1789 2970 1857 domum
3014 1792 3128 1853 tuit

946 1941 1096 2008 dem
1145 1948 1216 2009 ut
1256 1941 1426 2009 uidit
1468 1943 1639 2011 dixit
1679 1945 1876 2010 homo
2095 1940 2181 2005 25
2267 1953 2335 2013 et
2377 1942 2727 2012 confestim
2773 1958 3053 2026 surgens

946 2093 1363 2163 remittuntur
1404 2095 1523 2163 tibi
1563 2116 1687 2181 pee
2266 2117 2486 2166 eoram
2526 2094 2690 2183 ipsis
2735 2094 2885 2161 tulit
2928 2091 2994 2159 in
3040 2111 3170 2177 qvo

775 2234 854 2300 21
948 2252 1100 2315 eata
1140 2253 1257 2316 tua
1297 2253 1366 2316 et
1407 2252 1764 2334 coeperunt
2265 2251 2525 2318 iacebat
2565 2255 2633 2316 et
2677 2245 2841 2316 abiit
2885 2245 2954 2311 in
2996 2244 3083 2312 do

944 2400 1237 2485 cogitare
1280 2400 1538 2468 scribae
1575 2408 1644 2468 et
2266 2422 2438 2468 mum
2477 2412 2597 2468 sna
2639 2398 3073 2485 magnificans

947 2550 1237 2635 pharisei
1283 2552 1578 2620 dieentes
1622 2551 1769 2637 quis
2094 2553 2178 2617 26
2265 2553 2373 2620 dm
2419 2559 2487 2621 et
2526 2558 2755 2637 stupor
2798 2550 3026 2635 adprae

944 2708 1048 2771 est
1086 2702 1196 2770 hie
1235 2703 1347 2789 qni
1384 2703 1671 2789 loquitur
2265 2704 2497 2772 hendit
2541 2723 2768 2772 omnes
2812 2700 3138 2788 magniffi]

944 2855 1394 2941 blasphemias
1438 2855 1585 2940 quis
1629 2861 1747 2941 pot
2264 2858 2505 2925 cabant
2543 2857 2649 2923 dffi
2693 2860 2761 2923 et
2803 2852 3041 2940 repleti

943 3013 1045 3074 es‘t
1087 2972 1419 3074 dimittere
1463 3026 1668 3093 peeea
2265 3016 2417 3078 sunt
2443 2990 2695 3077 'timore
2737 3007 3033 3075 dieentes

772 3150 857 3215 22
944 3165 1016 3227 ta
1057 3157 1188 3226 nisi
1225 3158 1404 3225 solus
1456 3157 1536 3225 ds
1581 3164 1653 3226 ut
1694 3178 1820 3244 σος
2263 3161 2420 3248 qnia
2461 3161 2748 3229 uidimus
2793 3109 3028 3226 mirabi

943 3310 1127 3378 nouit
1170 3272 1388 3378 antem
1434 3309 1538 3377 ihs
1582 3310 1733 3396 eogi
2263 3316 2359 3384 lia
2397 3314 2599 3381 hodie

941 3462 1226 3530 tationes
1267 3481 1490 3531 eorum
1533 3461 1704 3530 dixit
2089 3474 2171 3539 27
2263 3469 2347 3534 Et
2390 3472 2543 3552 post
2585 3465 2753 3534 haee
2795 3461 2960 3531 exiit
3001 3461 3108 3528 ihs

942 3614 1028 3682 ad
1073 3613 1222 3682 illos
1268 3612 1424 3700 quid
1465 3614 1774 3701 cogitatis
2057 3559 2200 3708 3¹2⁵?
2262 3627 2330 3687 et
2369 3618 2542 3687 uidit
2584 3616 2939 3705 public-,anfi

766 3759 850 3824 23
940 3765 1008 3832 in
1053 3765 1296 3833 eordib'
1333 3765 1572 3833 uestris
1617 3767 1774 3850 quid
2056 3715 2204 3812 3ξέ
2267 3769 2533 3839 nomine
2576 3770 2751 3838 leuui
2803 3767 3005 3836 seden

940 3924 1042 3987 est
1085 3916 1345 3986 facilius
1389 3915 1609 3985 dicere
1651 3917 1722 3985 di
2262 3922 2392 3989 tem
2436 3922 2527 3991 ad
2569 3921 2943 3989 theloneum
2989 3923 3057 3984 et

939 4069 1282 4136 mittuntur
1323 4065 1446 4134 tibi
1486 4087 1693 4153 peeea
2261 4073 2357 4141 ait
2400 4073 2498 4139 ini
2542 4092 2818 4158 sequere
2860 4091 2965 4140 me
3009 4078 3079 4139 et

941 4226 1013 4288 ta
1056 4227 1172 4289 ant
1215 4219 1436 4288 dieere
1479 4239 1678 4306 surge
1721 4228 1789 4289 et
2257 4216 2504 4294 relictis
2550 4224 2788 4293 omnib'
2831 4243 2943 4293 sm·

1107 4371 1374 4441 ambula
2258 4396 2425 4481 gens
2468 4383 2730 4447 seentus
2774 4382 2878 4445 est
2919 4377 3005 4445 e1'1

2733 4683 2888 4749 XIV
3064 4686 3105 4753 b
