3634 5717
395 895 475 959 15

397 1808 475 1873 16

394 2268 469 2333 17

398 3183 474 3246 18

395 3483 470 3546 19

256 731 260 735 -
358 690 479 756 Fol
532 693 640 757 161

563 893 666 959 ihs
710 899 861 960 aute
906 901 982 961 ei
1029 914 1241 979 eogno

564 1047 769 1113 nisset
813 1046 967 1130 qvia
1010 1049 1263 1115 venturi

564 1183 753 1266 erant
797 1205 870 1278 nt
917 1210 1229 1286 raperent
1272 1210 1355 1268 en

564 1359 630 1417 et
669 1352 962 1417 faeerent
1005 1352 1129 1418 sibi
1173 1364 1254 1420 en

564 1510 721 1587 rege
767 1504 935 1588 fugit
979 1504 1148 1570 iterii

565 1655 631 1721 in
678 1663 898 1722 monte
944 1657 1091 1740 ipse
1134 1657 1311 1723 seins

562 1816 628 1876 et
672 1810 752 1874 eti
801 1828 947 1875 sero
995 1809 1172 1874 faetfi
1218 1829 1289 1875 es

561 1969 664 2027 set
706 1960 1188 2028 descenderunt

563 2111 867 2197 diseipnli
917 2113 1055 2179 eivs
1101 2113 1187 2179 ad
1234 2133 1413 2180 mare

559 2270 626 2330 et
663 2264 744 2352 esi
789 2264 1246 2332 ascendissent

563 2413 795 2484 naven]
843 2424 1163 2484 uenerunt

560 2577 739 2636 trans
786 2590 965 2636 mare
1012 2570 1077 2634 in
1126 2569 1291 2653 eaph

561 2725 767 2790 arnafi
816 2730 880 2788 et
926 2723 1212 2788 tenebrae

507 2907 511 2912 ·
562 2875 628 2942 ia
671 2876 884 2942 saetae
931 2881 1118 2941 erant
1163 2884 1227 2939 et

562 3047 690 3092 non
737 3033 1054 3094 uenerant
1098 3027 1342 3092 ad'eos

563 3179 667 3244 ihs
717 3199 893 3245 mare
931 3185 1082 3245 ante
1128 3198 1251 3244 nen

562 3340 628 3396 to
674 3346 915 3416 magno
957 3332 1159 3398 flante
1203 3331 1267 3394 in

558 3484 870 3569 surgebat
914 3484 994 3548 eti
1041 3483 1202 3549 remi

561 3644 832 3718 gassent
875 3656 1035 3718 erge
1080 3635 1265 3717 qnasi

564 3786 648 3853 ad
691 3787 911 3854 stadia
946 3787 1184 3872 uiginti
1230 3795 1296 3853 et

564 3939 845 4022 qvinque
891 3941 995 4006 uel
1039 3941 1122 4005 tri

564 4092 753 4175 ginta
792 4091 1021 4160 iiident
1066 4094 1197 4158 ihm
1245 4114 1349 4159 am

562 4244 829 4311 halante
868 4267 1066 4331 svper
1112 4268 1218 4312 ma

565 4408 740 4478 teet
785 4400 1084 4483 proximi}
1132 4420 1220 4464 na

561 4550 628 4616 ni
675 4550 817 4617 fieri
864 4557 929 4617 et
973 4550 1131 4616 timu

965 4712 1153 4771 erunt

464 4871 620 4917 Codex
647 4885 829 4918 aurens.

1483 694 1776 761 lohes

2781 697 2901 762 321

1718 899 1805 964 20
1891 897 2005 965 ille
2049 905 2202 964 ante
2248 896 2420 964 dixit
2462 897 2561 967 eis
2601 917 2726 983 ego

1718 1053 1795 1117 21

1709 3020 1792 3083 23

1709 3788 1794 3866 24

1889 1049 1967 1115 sii
2012 1050 2218 1116 nolite
2265 1050 2497 1117 timere
2542 1050 2694 1116 nolu

1889 1209 2079 1268 erunt
2123 1222 2281 1287 ergo
2320 1201 2621 1286 aeeipere

1890 1363 1971 1420 en
2017 1354 2082 1419 in
2131 1354 2286 1421 nani
2332 1360 2399 1419 et
2439 1351 2665 1421 eonfes

1886 1507 2002 1573 tim
2051 1505 2175 1574 fuit
2220 1505 2410 1572 nauis
2454 1504 2541 1570 ad
2585 1510 2683 1570 ter

1884 1671 1958 1725 ra
2002 1670 2129 1742 qna
2173 1656 2360 1725 ibant
2397 1656 2629 1724 Altera
2669 1654 2778 1723 die

1883 1811 2074 1878 turba
2117 1830 2287 1895 qvae
2330 1809 2552 1877 stabat
2593 1815 2776 1876 trans
2814 1834 2821 1844 ’

1883 1983 2064 2031 mare
2103 1962 2277 2029 uidit
2319 1962 2475 2047 quia
2516 1960 2675 2028 naui

1882 2114 2032 2182 enla
2075 2114 2212 2180 alia
2255 2134 2386 2180 non
2427 2118 2571 2179 erat
2612 2112 2705 2179 ibi

1883 2266 2012 2332 nisi
2059 2286 2191 2333 nna
2234 2271 2301 2331 et
2344 2265 2501 2349 qnia
2541 2284 2672 2330 non

1885 2417 2182 2484 intreiuit
2222 2417 2416 2484 simul
2462 2425 2543 2481 en

1881 2569 2226 2655 discipulis
2269 2569 2405 2636 suis

1871 2722 1984 2793 *ihs
2029 2722 2093 2787 in
2142 2741 2379 2788 navem
2424 2719 2545 2787 sed
2587 2718 2714 2785 soli

1881 2873 2189 2959 diseipnli
2233 2872 2373 2940 eius
2418 2871 2569 2938 abie
2672 2965 2675 2968 -

1882 3032 2033 3091 rant
2075 3025 2250 3092 aliae
2294 3044 2451 3091 nero
2495 3042 2572 3089 su

1884 3184 2321 3261 peruenerunt
2364 3194 2569 3241 naues

1881 3349 1924 3394 a
1967 3329 2290 3395 tiberiade
2334 3327 2520 3393 iuxta
2561 3324 2627 3390 lo

1881 3500 2027 3546 enm
2069 3480 2178 3546 ubi
2223 3476 2632 3583 mandueane

1882 3639 2032 3697 runt
2075 3651 2314 3715 panem
2360 3627 2613 3716 gratias

1880 3790 2155 3868 agentes
2202 3783 2288 3849 ds>
2332 3791 2415 3848 esi
2458 3800 2617 3865 ergo

1881 3935 2161 4002 uidisset
2199 3934 2392 4000 tnrba
2434 3931 2592 4017 qnia

1882 4089 1985 4155 ihs
2028 4109 2160 4157 non
2208 4093 2385 4156 esset
2426 4084 2521 4153 ibi
2564 4105 2647 4152 ne

1884 4263 2008 4327 que
2052 4240 2361 4326 diseipnli
2407 4238 2547 4307 eins
2591 4256 2666 4304 as

1883 4395 2244 4463 eenderunt
2286 4391 2524 4461 nanieu

1883 4547 1983 4613 las
2029 4554 2096 4615 et
2139 4549 2458 4612 uenerunt
2501 4561 2581 4608 ea

2052 4699 2354 4784 pharnafl

2324 4847 2357 4863 ⁸
2474 4849 2540 4902 21
