3634 5717
712 666 835 733 156

913 877 978 937 te
1024 871 1092 937 in
1136 870 1325 939 uobis
1370 873 1469 939 sal
1515 881 1581 940 et
1626 885 1789 959 paee

910 1022 1150 1091 habete
1193 1023 1366 1091 inter
1408 1045 1526 1092 uos

705 1177 867 1307 §ff
909 1176 994 1242 Et
1033 1175 1190 1243 inde
1234 1177 1465 1245 exiens
1508 1177 1612 1245 ihs

747 1276 772 1308 Γ

705 1312 879 1409 “¹⁸⁶¹oe
913 1328 1096 1394 uenit
1134 1328 1203 1395 in
1250 1314 1432 1397 fines'
1458 1330 1613 1398 iude

704 1420 775 1461 mt
798 1415 877 1461 lm

909 1500 991 1548 ae
1034 1489 1218 1548 trans
1263 1482 1582 1549 iordanen

891 1640 976 1701 -et
1018 1635 1328 1702 conuenit
1368 1634 1540 1702 iteri

909 1788 1103 1854 turbs.
1146 1788 1233 1856 ad
1277 1797 1360 1854 en
1406 1794 1474 1854 et
1508 1788 1672 1856 doee

911 1938 1029 2004 bat
1069 1937 1221 2006 illos
1266 1939 1437 2008 iterii
1475 1940 1646 2008 sievt

779 2066 824 2143 Ξ
908 2098 1339 2159 consueuerat
1380 2100 1447 2159 et
1489 2114 1569 2161 ae

906 2244 1215 2312 cedentes
1254 2244 1566 2330 pharisaei

906 2395 1407 2483 interrogabant
1449 2409 1533 2467 en

907 2547 963 2615 si
1010 2506 1168 2618 lieet
1209 2551 1351 2619 uiro
1396 2561 1600 2621 uxore

908 2703 1240 2772 dimittere
1283 2710 1577 2791 temptan

779 2849 820 2915 3
907 2863 1007 2923 tes
1053 2857 1138 2924 eri
1185 2862 1254 2923 at
1296 2855 1411 2923 ille
1448 2876 1691 2943 respon

908 3008 1072 3075 dens
1116 3008 1288 3077 dixit
1330 3009 1427 3078 eis
1473 3009 1630 3095 quid

906 3159 1093 3227 uobis
1137 3162 1455 3249 praeeepit
1496 3184 1650 3250 moy

777 3313 819 3376 4
905 3333 1011 3381 ses
1057 3313 1169 3399 qui
1213 3313 1521 3383 dixerunt

905 3486 1165 3553 moyses
1203 3468 1502 3553 permisit

904 3619 1199 3689 libellum
1244 3621 1503 3707 repudii
1549 3624 1676 3690 seri

903 3773 1057 3841 bere
1102 3780 1170 3841 et
1213 3775 1544 3844 dimittere

771 3926 814 3991 5
903 3925 1075 4011 quib'
1118 3926 1526 4012 respondens

901 4077 1006 4144 ihs
1048 4079 1145 4146 ait
1185 4079 1273 4147 ad
1316 4079 1559 4148 duritia

902 4230 1120 4299 eordis
1165 4233 1370 4301 uestri
1413 4232 1587 4301 serib

901 4385 990 4453 sit
1026 4386 1217 4454 uobis
1262 4392 1593 4472 praeeept?

769 4538 813 4602 6
899 4539 1076 4606 istud
1120 4540 1206 4606 ab
1249 4538 1438 4606 initio
1481 4546 1634 4606 aute

900 4697 1243 4761 creaturae
1288 4693 1581 4761 maseulfl

1815 669 2164 738 Mrclo.

2238 881 2305 942 et
2345 874 2594 941 femine
2635 832 2795 942 feeit

2106 1030 2143 1094 7
2233 1047 2347 1094 eos
2393 1026 2474 1093 ds
2514 1034 2786 1113 propter

2233 1181 2359 1246 hoe
2399 1179 2727 1266 relinquet
2775 1180 2863 1247 he

2132 1322 2141 1331 ’
2235 1352 2341 1399 mo
2384 1338 2574 1418 patre
2619 1342 2741 1399 sufi
2787 1340 2855 1401 et

2235 1491 2443 1552 matre
2487 1492 2555 1552 et
2596 1484 2843 1554 adhere

2103 1638 2144 1703 8
2232 1637 2331 1704 bit
2373 1637 2562 1706 uxori
2601 1657 2762 1707 suae
2805 1646 2876 1707 et

2236 1797 2427 1858 erunt
2468 1790 2597 1857 duo
2642 1791 2710 1857 in
2756 1813 2870 1859 ear

2233 1964 2318 2011 ne
2359 1963 2497 2010 una
2537 1943 2694 2029 itsq’
2736 1943 2802 2010 is
2846 1933 2975 2010 non

2234 2101 2387 2163 sunt
2429 2094 2559 2163 duo
2603 2095 2722 2162 sed
2766 2115 2900 2172 nna
2929 2118 2936 2124 ·

2100 2251 2142 2315 9
2231 2269 2385 2316 earo
2428 2208 2602 2334 qnod
2646 2269 2805 2335 ergo

2174 2490 2189 2504 ·
2233 2402 2313 2469 ds
2355 2402 2608 2469 inuexit
2651 2403 2846 2511 home

2067 2557 2147 2622 10
2235 2575 2365 2622 non
2410 2560 2677 2641 separet
2715 2555 2801 2620 Et

2029 2641 2203 2687 mr104

2079 2693 2131 2737 ¹⁰
2233 2710 2300 2775 in
2347 2707 2543 2776 domo
2588 2709 2758 2775 iterii
2805 2708 2977 2775 inter

2231 2867 2631 2946 rogauerunt
2673 2861 2758 2929 ed

2231 3013 2540 3099 diseipuli
2585 3014 2727 3081 eius
2773 3012 2858 3079 de

2065 3170 2138 3233 11
2231 3168 2358 3234 hoe
2400 3185 2703 3234 sermone
2746 3166 2832 3231 Et

2026 3267 2097 3299 mr
2121 3253 2200 3299 106
2288 3307 2298 3317 ,

2023 3305 2194 3453 &1²31
2230 3319 2401 3386 dixit
2441 3319 2578 3386 illis
2623 3318 2879 3403 quiefiq’

2227 3471 2555 3539 dimiserit
2597 3479 2800 3539 uxore

2228 3636 2349 3693 sun
2391 3631 2460 3692 et
2503 3625 2638 3691 alifi
2682 3623 2856 3691 duxe

2227 3777 2315 3845 rit
2354 3775 2684 3845 adulteris:
2731 3795 2875 3844 eom

2229 3929 2431 3997 mittit
2471 3947 2670 4015 snper
2710 3933 2793 3996 ei

2060 4088 2140 4154 12
2226 4090 2293 4152 et
2335 4081 2570 4150 mulier
2611 4081 2670 4147 si
2714 4080 2899 4166 reliq'

2227 4237 2314 4303 rit
2355 4235 2505 4304 uirfi
2548 4233 2670 4303 suti
2718 4240 2786 4301 et
2829 4257 2870 4299 a

2228 4387 2301 4454 lii
2348 4385 2647 4472 nupserit
2689 4405 2836 4453 moe

2020 4489 2194 4670 „³300
2226 4540 2458 4607 ebatur
2501 4539 2586 4605 Et
2629 4538 2755 4606 offe

2018 4676 2190 4774 ffi‘figss
2226 4693 2461 4760 rebant
2504 4691 2603 4759 ini
2650 4694 2960 4778 paruulos
