3634 5717
986 873 1142 939 fidei
1189 874 1342 956 quia
1387 892 1593 957 panes
1632 893 1762 937 non

853 1029 894 1091 9
984 1023 1242 1089 habetis
1282 1022 1507 1088 nondu
1554 1022 1714 1088 intel

985 1173 1242 1240 lexistis
1288 1175 1431 1256 neq'
1474 1194 1661 1240 recor

989 1325 1237 1391 damini
1283 1325 1501 1409 quinq'
1546 1335 1724 1409 panu

993 1475 1059 1541 iu
1107 1476 1325 1560 quinq'
1370 1476 1559 1542 milia
1595 1475 1868 1541 hominu

995 1634 1061 1694 et
1105 1633 1261 1711 quot
1303 1626 1623 1711 cophinus
1668 1645 1858 1711 sump

823 1782 902 1847 10
992 1777 1173 1845 sistis
1218 1779 1362 1862 ueq’
1405 1785 1659 1862 septem
1706 1797 1795 1861 pa

923 1950 933 1963 ·
991 1939 1082 1993 nu
1126 1927 1195 1994 in
1241 1935 1544 2013 quattuor
1582 1926 1768 2029 milia

993 2078 1324 2163 hominum
1372 2085 1438 2145 et
1482 2085 1638 2163 quot
1674 2098 1753 2163 sp

819 2238 890 2300 11
993 2236 1169 2296 ortas
1214 2229 1586 2315 sumpsistis
1632 2250 1762 2314 qva

988 2401 1060 2448 re
1100 2401 1230 2447 non
1275 2380 1666 2465 intellegitis

989 2521 1147 2615 quia
1188 2551 1320 2597 non
1367 2529 1451 2597 de
1493 2552 1669 2616 pane
1713 2531 1854 2598 dixi
1900 2552 1982 2597 vo

989 2680 1093 2747 bis
1138 2688 1369 2749 cauete
1412 2703 1456 2750 a
1498 2683 1819 2764 fermento

991 2831 1445 2917 phariseorum
1489 2838 1555 2898 et
1596 2830 1859 2900 sadveae

826 2975 902 3038 12
990 2993 1111 3048 oni
1150 2987 1305 3049 tune
1343 2982 1810 3050 intellexerunt

992 3133 1148 3217 quia
1191 3153 1322 3199 non
1362 3132 1608 3200 dixerit
1650 3155 1855 3202 eauen

990 3239 1096 3349 du
1135 3304 1177 3350 a
1221 3284 1541 3351 fermento
1587 3252 1766 3370 pansi

944 3396 1112 3502 'sed
1158 3456 1200 3501 a
1241 3434 1545 3502 doctrina
1587 3436 1779 3522 phari

824 3596 902 3662 13
990 3606 1247 3654 seorum
1292 3593 1357 3653 et
1401 3586 1786 3654 sadueaeoru

739 3772 743 3776 ·
787 3680 958 3876 3513}
994 3738 1195 3805 Uenit
1239 3744 1390 3804 avte
1437 3737 1541 3803 ihs
1585 3738 1653 3803 in
1694 3759 1816 3824 par

786 3846 907 3928 {3¹94

786 3935 830 3979 io
856 3935 907 3977 74

784 3989 833 4030 et
856 3985 909 4029 17

993 3895 1093 3955 tes
1138 3888 1454 3954 eaesariae
1497 3889 1780 3973 philippi

992 4044 1059 4104 et
1101 4039 1555 4122 interrogabat
1598 4039 1700 4105 dis

991 4189 1245 4274 eipulos
1288 4208 1442 4255 suos
1483 4189 1708 4256 dicens

989 4351 1115 4424 que
1159 4360 1264 4406 me
1303 4338 1532 4406 dieunt
1575 4340 1847 4408 homines
1896 4432 1900 4437 .

993 4509 1140 4557 esse
1184 4490 1390 4556 fitium
1438 4491 1719 4559 hominis

1892 672 2080 737 Mtc
2130 674 2209 739 16

2134 875 2215 940 14
2302 881 2373 939 at
2418 874 2515 939 ini
2562 874 2872 940 dixerunt
2916 875 2981 940 io

2305 1024 2522 1090 banne
2566 1007 2924 1108 baptistam
2971 1024 3088 1090 alii

2304 1180 2455 1240 aute
2502 1174 2747 1241 heliam
2792 1175 2911 1242 alii
2953 1195 3111 1240 vero

2306 1325 2692 1392 hieremiam
2735 1333 2849 1393 aut
2891 1336 3025 1393 unu

2139 1479 2217 1542 15
2304 1498 2388 1544 ex
2431 1478 2774 1562 prophetis
2819 1476 2983 1544 dicit

2311 1629 2445 1695 illis
2487 1581 2593 1695 ilis
2635 1646 2740 1695 u0s
2786 1635 2938 1696 aute
2979 1639 3103 1712 que

2141 1783 2220 1847 16
2308 1800 2413 1847 me
2459 1799 2607 1847 esse
2651 1779 2891 1848 dicetis
2932 1799 3006 1846 re

2313 1929 2647 2016 spondens
2692 1930 2904 1996 simon

2315 2087 2549 2166 petrus·
2583 2080 2756 2146 dixit
2799 2086 2870 2145 tu
2905 2098 2976 2145 es
3020 2085 3148 2163 xps

2143 2222 2216 2287 17
2309 2232 2483 2298 filius
2530 2230 2600 2296 di
2643 2230 2784 2297 uiui
2821 2248 3062 2314 respon

2312 2384 2475 2450 dens
2521 2388 2742 2449 autem
2786 2381 2892 2446 ihs
2931 2379 3106 2446 dixit

2103 2541 2272 2635 mtmlssss
2314 2534 2376 2602 ei
2421 2535 2665 2631 Beatus
2710 2551 2782 2599 es
2826 2532 3037 2598 simon

2313 2688 2432 2752 bar
2475 2686 2635 2751 iona
2670 2684 2828 2768 quia
2869 2702 3023 2749 earo

2311 2844 2379 2903 et
2422 2834 2694 2921 sanguis
2737 2855 2870 2901 non
2915 2855 2988 2901 re

2311 2987 2562 3056 uelauit
2604 2984 2726 3053 tibi
2772 2984 2892 3052 sed
2937 3004 3028 3069 pa

2311 3145 2412 3205 ter
2453 3156 2637 3204 meus
2683 3135 2794 3220 qui
2838 3135 2908 3201 in
2953 3155 3050 3201 eae

2142 3286 2220 3349 18
2312 3290 2398 3356 lis
2438 3295 2541 3356 est
2582 3294 2649 3356 et
2693 3268 2837 3372 ego·
2865 3286 2988 3353 tibi
3032 3285 3103 3352 di

2313 3461 2390 3506 eo
2439 3438 2594 3522 qvia
2638 3444 2710 3503 tu
2752 3457 2825 3504 es
2868 3442 3095 3523 petrus

2312 3597 2378 3657 et
2420 3609 2617 3674 super
2659 3588 2833 3655 hane
2871 3609 2957 3674 pe

2311 3748 2412 3807 tra
2458 3739 2781 3806 edificabo
2821 3759 2898 3806 ee

2311 3890 2515 3958 elesia
2560 3911 2777 3957 meam
2820 3897 2888 3959 et

2310 4048 2541 4127 portae
2585 4041 2830 4108 inferni

2175 4249 2178 4253 ⁴
2311 4212 2440 4257 non
2482 4169 2935 4278 praeualebunt

2139 4343 2217 4407 19
2305 4343 2623 4411 aduersus
2670 4365 2818 4412 eam
2861 4352 2929 4412 et

2306 4493 2428 4560 tibi
2470 4493 2642 4561 dabo
2685 4494 2906 4563 elaves
2947 4517 3070 4583 reg

2612 4646 2681 4711 ni
