3634 5717
790 667 879 733 20
928 714 936 722 .

795 872 875 939 13

959 869 1070 954 qui
1115 888 1261 935 enm
1299 867 1730 935 recessissent

962 1041 1113 1087 eeee
1157 1022 1434 1106 angelus
1479 1020 1596 1088 dni
1641 1040 1727 1104 ap

816 1169 820 1173 Α
957 1175 1178 1259 paruit
1222 1173 1291 1239 in
1336 1173 1588 1240 somnis

790 2549 870 2613 14

788 3157 867 3223 15

776 4220 855 4286 16

957 1326 1190 1413 ioseph
1234 1324 1462 1393 dioens
1507 1344 1619 1391 sur

955 1499 1041 1562 ge
1084 1480 1294 1563 puerfi
1339 1483 1408 1545 et
1448 1484 1724 1544 matrem

959 1630 1103 1696 eius
1150 1637 1216 1697 et
1258 1630 1416 1716 fuge
1460 1629 1528 1696 in
1575 1645 1794 1714 aegyp

956 1788 1089 1848 tum
1137 1792 1205 1848 et
1246 1789 1389 1849 esto
1432 1781 1525 1847 ibi
1568 1782 1707 1866 usq'

957 1935 1047 2001 du
1094 1934 1311 2003 dieam
1356 1933 1478 2002 tibi
1518 1982 1526 1989 -

958 2089 1175 2155 futuru
1222 2094 1324 2155 est
1366 2098 1476 2154 eni
1522 2093 1594 2154 ut
1637 2084 1720 2150 he

954 2238 1150 2308 rodes
1193 2241 1487 2325 requirat
1528 2258 1659 2326 pue
1795 2340 1799 2343 ‚

953 2416 1094 2462 rum
1140 2394 1272 2461 istu
1316 2392 1403 2460 ad
1447 2390 1696 2479 perden

952 2545 1105 2612 dum
1150 2567 1318 2613 eum.
1366 2544 1476 2642 qui
1521 2565 1670 2634 eon

956 2719 1236 2783 surgens
1283 2697 1543 2783 aecepit
1584 2718 1673 2783 pu

957 2852 1074 2918 erfi
1121 2857 1187 2918 et
1230 2855 1439 2918 matre
1486 2849 1627 2916 eius

956 3008 1148 3070 noete
1192 3008 1259 3069 et
1299 3001 1575 3070 recessit

955 3155 1023 3221 in
1070 3156 1369 3240 aegyptu
1413 3159 1483 3221 et
1525 3160 1683 3244 erat¹

951 3306 1042 3372 ibi
1087 3306 1226 3392 usq'
1268 3305 1354 3373 ad
1400 3306 1647 3373 obitum
1692 3308 1776 3375 he

951 3457 1131 3524 rodis
1170 3465 1242 3525 ut
1285 3457 1630 3544 adinplere

909 3689 918 3697 ⁸
949 3616 1053 3676 tur
1095 3610 1270 3694 quod
1312 3609 1557 3678 dietum

947 3769 1050 3830 est
1092 3783 1134 3830 a
1176 3762 1310 3829 dno
1355 3783 1473 3850 per
1514 3764 1769 3849 prophe

943 3919 1014 3980 ts
1056 3914 1383 3982 dieentem
1427 3933 1510 3981 ex
1555 3935 1636 3983 ae

942 4074 1149 4153 gypto
1195 4066 1427 4134 uocaui
1470 4066 1673 4134 filium

940 4202 1091 4287 rnen
1136 4219 1323 4288 Tune
1366 4218 1633 4310 herodis

937 4371 1171 4440 uidens
1218 4383 1345 4456 qno
1391 4370 1644 4437 inlusus

937 4531 1115 4592 esset
1156 4546 1199 4592 a
1241 4522 1458 4608 magis
1504 4521 1743 4588 irratus

1931 665 2203 734 Mtc2

2283 874 2383 934 est
2427 867 2624 935 ualde
2668 876 2736 936 et
2780 868 2972 942 mitte,

2282 1039 2360 1085 ns
2405 1019 2651 1087 oceidit
2693 1039 2922 1087 omnes

2284 1191 2522 1257 pueros
2566 1173 2678 1256 qui
2724 1179 2914 1239 erant
2957 1175 3027 1241 in

2281 1323 2612 1391 bethleem
2658 1332 2726 1392 et
2765 1326 2834 1392 in
2881 1345 2987 1392 om

2282 1476 2412 1542 nib’
2459 1478 2695 1544 finibus
2740 1479 2881 1545 eius
2925 1501 2967 1545 a
3007 1481 3052 1546 b

2155 1703 2159 1707 Α
2280 1626 2486 1695 imatu
2532 1636 2599 1697 et
2641 1630 2819 1698 infra
2859 1650 2932 1697 se

2115 2083 2190 2147 17

2116 2697 2194 2762 18

2107 3609 2182 3673 19

2283 1779 2500 1847 eundfl
2545 1789 2806 1869 tempus
2848 1782 2933 1868 qb

2280 1934 2686 2017 exquisierat
2730 1956 2773 2002 a
2814 1935 3029 2019 magis

2279 2091 2435 2152 tune
2478 2086 2908 2173 adimpletum

2279 2243 2381 2303 est
2425 2239 2598 2321 quod
2643 2239 2825 2306 dieti
2871 2245 2973 2306 est

2281 2411 2322 2456 a
2365 2390 2499 2458 dfio
2542 2413 2662 2477 per
2705 2391 3026 2459 hieremii

2282 2545 2672 2630 prophetam
2717 2543 2911 2611 dioen

2280 2703 2413 2764 tem
2457 2717 2589 2764 uox
2632 2696 2701 2762 in
2745 2716 2935 2762 rama
2976 2715 3059 2762 av

2280 2846 2423 2915 dita
2467 2855 2569 2915 est
2613 2849 2907 2934 ploratus

2274 3007 2341 3066 et
2382 3001 2670 3068 ululatus
2716 3001 2956 3067 multus

2275 3152 2496 3220 raehel
2545 3153 2814 3240 plorans
2858 3151 2900 3217 fi

2271 3303 2397 3371 lios
2442 3325 2595 3372 suos
2640 3311 2708 3373 et
2749 3304 2962 3370 noluit

2271 3455 2600 3524 consolari
2645 3455 2801 3540 quia
2841 3474 2972 3521 non

2270 3616 2422 3676 sunt
2465 3609 2772 3676 defuneto
2819 3627 2904 3673 av

2266 3769 2332 3826 te
2378 3724 2646 3828 herode
2668 3778 2824 3828 eeee
2866 3777 2956 3843 ap

2265 3913 2485 3997 paruit
2529 3912 2807 3997 angelus
2846 3909 2964 3976 dni

2265 4063 2332 4129 in
2378 4065 2626 4131 somnis
2672 4062 2904 4149 ioseph

2264 4214 2331 4280 in
2378 4223 2669 4304 aegypto
2715 4214 2946 4283 diosus
3047 4315 3052 4320 .

2262 4387 2461 4451 surge
2504 4374 2573 4436 et
2613 4366 2842 4453 aeeipe
2886 4385 2976 4451 pu

2260 4529 2376 4584 eru
2422 4525 2489 4585 et
2535 4526 2744 4585 matre
2790 4517 2933 4584 eius
