3634 5717
399 695 520 761 Fol
564 697 648 762 32

433 898 513 963 41

436 1964 520 2028 42

442 2426 525 2492 43

416 3421 480 3466 Br
504 3421 553 3464 41

603 896 827 962 saeculi
871 896 1087 964 mittet
1129 900 1172 965 fi

602 1049 729 1115 lius
774 1048 1058 1116 hominis
1105 1072 1187 1118 an

605 1202 789 1286 gelos
834 1223 986 1268 suos
1034 1211 1100 1269 et
1143 1206 1243 1270 eol

604 1354 815 1438 ligent
863 1342 945 1419 de
982 1375 1187 1440 regno

605 1506 745 1572 eius
793 1507 1013 1573 omnia
1055 1528 1214 1573 sean

607 1658 762 1726 dala
806 1665 872 1725 et
917 1679 1028 1725 eos
1076 1660 1184 1743 qui
1233 1661 1302 1725 fa

607 1810 787 1877 eiunt
829 1810 1173 1894 iniquitate

607 1969 672 2029 et
716 1963 975 2029 mittent
1015 1983 1128 2029 eos
1172 1962 1239 2029 in

610 2114 873 2182 camini}
918 2115 1094 2200 ignis
1140 2115 1232 2181 ibi

611 2267 735 2332 erit
777 2268 964 2334 fletus
1012 2275 1077 2335 et
1119 2268 1239 2334 stri

612 2420 731 2485 dor
777 2419 1006 2486 dentisi
1050 2427 1203 2487 tune

611 2572 764 2638 iusti
790 2523 1155 2657 ⁴fulgebunt

610 2723 777 2790 sieut
820 2726 920 2790 sol
963 2725 1032 2790 in
1076 2745 1281 2808 regno

613 2875 818 2960 patris
864 2888 1021 2942 eorfi
1068 2876 1177 2961 qui
1222 2875 1313 2943 ha

612 3029 723 3093 bet
766 3049 956 3095 aures
1003 3028 1243 3096 audien

613 3179 679 3244 di
729 3179 972 3246 audiat.

612 3332 826 3423 Aliam
872 3331 1216 3435 similitudi

614 3496 693 3550 ne
739 3484 992 3551 loeutus
1039 3491 1138 3550 est

613 3636 708 3701 eis
754 3635 975 3702 didens
1021 3636 1235 3704 simile

471 3822 492 3839 ·
617 3794 717 3853 est
761 3798 969 3872 regni]
992 3788 1255 3854 ‘eaelorfl

610 3939 915 4008 thesauro
962 3919 1202 4007 'absoon

608 4093 745 4158 dito
795 4092 863 4157 in
907 4113 1068 4177 agro
1115 4103 1237 4175 que

607 4245 717 4329 qui
764 4244 1016 4310 inuenit
1058 4242 1251 4309 homo

609 4395 953 4463 abscondit
998 4401 1062 4460 et
1106 4415 1242 4478 prae

608 4549 851 4633 gaudio
899 4547 1076 4613 illius
1133 4567 1218 4612 ua

609 4700 707 4766 dit
751 4706 818 4766 et
859 4698 1088 4765 uendit

1404 697 1840 771 ,MtC13

1751 1810 1838 1877 46

1757 2567 1837 2631 47

1760 4090 1845 4155 49

1928 900 2236 966 uniuersa
2277 917 2440 982 quae,
2467 896 2668 963 habet

1928 1058 1993 1118 et
2038 1051 2197 1118 emit
2242 1051 2406 1135 agni
2452 1048 2636 1115 illum

1927 1204 2106 1268 Iterfi
2152 1201 2368 1268 simile
2411 1209 2510 1268 est
2555 1216 2655 1268 ress

1926 1355 2017 1418 nli
2062 1353 2303 1419 caelorfi
2346 1351 2598 1418 homini

1927 1503 2300 1588 negotianti
2347 1524 2608 1588 quaeren

1928 1657 1978 1722 ti
2022 1658 2228 1723 bonas
2275 1656 2564 1741 margari

1924 1815 2027 1876 tas
2070 1809 2342 1876 inuenta
2385 1815 2535 1875 aute

1928 1982 2059 2027 una
2103 1959 2414 2045 praetiosa
2456 1982 2598 2028 mar

1927 2114 2147 2199 garita
2191 2113 2356 2179 abiit
2400 2118 2465 2180 et
2511 2134 2637 2179 uen

1929 2266 2099 2331 didit
2141 2265 2363 2331 omnia
2406 2285 2548 2348 quse
2594 2266 2683 2333 ha

1930 2417 2071 2484 buit
2115 2424 2182 2484 et
2226 2416 2385 2483 emit
2430 2415 2546 2481 illa

1927 2571 2108 2638 Itert‘i
2153 2568 2369 2635 simile
2415 2574 2514 2635 est
2557 2589 2677 2653 reg

1929 2723 2019 2787 nfi
2066 2720 2368 2788 caelorum
2414 2720 2666 2805 saginae

1931 2874 2150 2940 missae
2195 2873 2261 2938 in
2308 2893 2487 2939 mare
2534 2878 2600 2938 et
2665 2936 2676 2943 .

1933 3048 2015 3094 ex
2059 3025 2236 3091 omni
2283 3045 2527 3110 genere
2571 3046 2692 3091 eon

1931 3178 2241 3263 greganti
2287 3178 2514 3261 quaeeii
2562 3152 2628 3241 in

1933 3331 2116 3416 pleta
2160 3336 2333 3397 esset
2376 3329 2627 3396 edueen

1933 3488 2032 3550 tes
2073 3489 2138 3547 et
2182 3502 2368 3549 secus
2414 3481 2568 3547 litus

1932 3635 2238 3702 sedentes
2285 3634 2536 3716 eleg-eit

1930 3786 2138 3852 bonos
2177 3785 2246 3851 in
2291 3784 2469 3850 uasis
2516 3805 2624 3850 ma

1931 3935 2031 4003 los
2077 3943 2228 4003 aute
2275 3937 2434 4004 foris
2479 3936 2644 4003 mise

1932 4096 2082 4156 runt
2126 4090 2222 4156 sie
2265 4102 2373 4156 eni
2420 4090 2582 4155 erit·

1935 4244 1999 4308 in
2045 4241 2612 4327 eonsfimationefl]

1931 4394 2153 4461 saeeuli
2197 4394 2466 4460 exibunt
2510 4412 2682 4478 ange

1930 4546 1977 4612 li
2026 4553 2092 4613 et
2136 4547 2538 4631 separabunt
2577 4567 2686 4613 ma

1797 4742 1803 4749 ·
1927 4698 2028 4764 los
2069 4670 2166 4764 de
2211 4696 2426 4763 medio

2856 695 2940 758 59
