3634 5717
360 694 478 757 Fol
523 694 604 758 47

563 915 694 959 non
738 894 1042 960 uestitum
1089 915 1238 962 uess

399 1050 474 1114 12
561 1053 625 1111 te
672 1045 952 1130 nuptiali
994 1053 1060 1113 et
1103 1046 1198 1112 ait
1242 1046 1341 1111 illi

566 1198 773 1263 amice
819 1197 1141 1295 quomodo

458 1403 471 1409 -
564 1348 690 1414 hue
733 1348 972 1415 uenisti
1019 1318 1145 1414 non
1191 1348 1279 1415 ha

567 1500 727 1566 bens
773 1507 953 1567 ueste
1003 1500 1295 1584 nuptiale

376 1636 476 1722 '13
565 1660 634 1718 at
674 1651 788 1718 ille
831 1652 1152 1718 obmutuit
1195 1659 1349 1718 tune

567 1803 736 1868 dixit
779 1824 895 1868 rex
937 1802 1255 1869 ministris

566 1954 859 2038 alligatis
902 1955 1118 2039 pedib'
1158 1955 1297 2022 eius

567 2113 632 2172 et
670 2107 909 2172 manib'
951 2107 1190 2173 mittite

565 2259 649 2325 efi
698 2257 765 2323 in
811 2259 1117 2325 tenebras
1165 2266 1354 2326 exte·

568 2410 771 2475 riores
817 2409 909 2475 ibi
956 2409 1080 2475 erit
1125 2409 1314 2477 fletus

566 2567 633 2628 et
676 2559 918 2626 stridor
955 2561 1178 2628 dentiir

406 2707 482 2772 14
570 2713 754 2779 multi
801 2720 952 2779 aute
997 2721 1149 2779 sunt
1187 2734 1268 2780 uo

573 2865 701 2930 eati
747 2864 940 2950 pauei
985 2884 1141 2931 uero
1180 2865 1374 2934 eleeti

404 3015 482 3077 15
570 3018 755 3082 Tune
795 3016 1109 3083 abeuntes
1156 3018 1289 3101 pha

368 3097 433 3142 Br
457 3100 507 3142 64

366 3152 540 3297 ’Ἓξ
572 3167 745 3233 risaei
791 3167 1072 3234 eonsilifi
1118 3167 1251 3234 inie

367 3266 439 3296 ω

372 3315 419 3358 ¹⁰
442 3306 522 3349 ²⁴³
571 3327 721 3385 runt
763 3326 835 3384 ut
872 3326 1186 3404 caperent

407 3479 485 3543 16
571 3489 719 3536 eum
763 3471 831 3536 in
877 3491 1178 3538 sermone
1216 3479 1282 3538 et

572 3621 837 3688 mittunt
880 3625 921 3667 οἱ
971 3622 1330 3709 discipulos

572 3792 723 3838 suos
768 3774 848 3838 eu
888 3773 1268 3843 herodianis

571 3924 865 3992 dieentes
906 3926 1223 4011 magister

569 4077 809 4143 seimus
856 4077 1013 4161 qnia
1054 4098 1259 4145 uerax

569 4248 639 4295 es
685 4235 752 4295 et
794 4230 905 4295 uia
948 4228 1016 4294 di
1064 4229 1131 4296 in
1175 4232 1389 4299 uerita

562 4340 632 4445 te
679 4380 876 4447 doees
920 4389 990 4448 et
1032 4401 1163 4448 non
1208 4389 1309 4451 est

568 4531 688 4598 tibi
736 4553 891 4599 eura
934 4533 1018 4601 de
1063 4535 1284 4618 aliquo

873 4706 1004 4753 non
1049 4685 1223 4753 enim

1472 689 1781 755 Mtc22

2819 682 2901 746 89

1889 889 2166 975 respicis
2213 901 2493 974 persona
2535 887 2622 952 ho

1720 1046 1792 1109 17
1883 1042 2079 1108 minis
2122 1041 2230 1109 die
2274 1060 2433 1124 ergo
2481 1037 2678 1137 nobis·

1726 1506 1828 1570 18*

1726 1966 1802 2030 19

1717 2413 1803 2477 20

1717 2722 1796 2784 21

1719 3925 1803 3989 23

1688 4007 1753 4053 Βι·
1778 4010 1831 4051 65

1887 1193 2039 1278 quid
2087 1193 2207 1259 tibi
2248 1191 2507 1258 uidetur
2548 1190 2703 1255 lieet

1888 1346 2090 1412 eensfi
2136 1344 2277 1410 dari
2325 1341 2553 1409 eaesari
2594 1363 2678 1407 an

1890 1517 2018 1562 non
2065 1455 2336 1589 cognita
2378 1500 2595 1560 autem

1889 1648 1993 1713 ihs
2037 1647 2332 1732 nequitia
2374 1647 2532 1712 eorti
2579 1644 2675 1711 ait

1888 1774 2044 1884 quid
2091 1821 2194 1867 me
2236 1796 2575 1883 temptatis
2622 1796 2710 1880 hy

1891 1953 2159 2037 poeritae
2204 1950 2532 2018 ostendite
2578 1947 2667 2013 mi

1887 2103 1954 2168 hi
2004 2103 2327 2170 nomisma
2368 2121 2602 2168 eensus
2647 2106 2716 2165 at

1865 2218 1989 2319 ‘ini
2035 2255 2409 2320 obtulerunt
2451 2252 2515 2320 ei
2560 2253 2661 2318 ‹1ae

1889 2406 2080 2472 narifi
2119 2413 2187 2474 et
2229 2406 2325 2472 ait
2368 2405 2500 2471 illis
2545 2403 2651 2469 ihs

1889 2558 2071 2625 euius
2112 2565 2212 2625 est
2256 2558 2477 2641 imago
2520 2556 2686 2622 haee

1890 2718 1956 2778 et
1999 2709 2467 2797 superscriptio
2512 2707 2580 2773 di

1895 2868 2049 2931 eunt
2090 2863 2152 2930 ei
2195 2820 2462 2929 eaesaris
2507 2868 2661 2927 tune

1894 3016 1987 3081 ait
2029 3015 2163 3081 illis
2207 3014 2464 3083 reddite
2507 3033 2665 3097 ergo

1896 3188 2038 3252 quae
2082 3174 2234 3235 sunt
2277 3166 2542 3235 eaesaris
2591 3186 2686 3232 eae

1894 3318 2029 3385 sari
2072 3324 2140 3386 et
2182 3339 2327 3403 quae
2371 3319 2440 3385 di
2485 3324 2638 3385 sunt
2680 3316 2766 3382 do

1893 3478 1960 3536 et
2000 3471 2343 3538 audientes
2383 3471 2601 3538 mirati

1892 3630 2045 3689 sunt
2087 3630 2155 3691 et
2197 3623 2427 3690 relieto
2467 3643 2545 3688 eo
2591 3644 2633 3689 a

1890 3774 2151 3842 bierunt

1889 3928 1967 3992 In
2012 3926 2131 3993 illa
2172 3926 2280 3993 die
2327 3946 2591 3993 neeesse

1892 4085 2042 4146 runt
2083 4078 2172 4146 ad
2214 4099 2360 4146 eum
2406 4077 2741 4145 saddueaei

1892 4232 2001 4315 qui
2047 4230 2272 4297 dieunt
2315 4251 2443 4296 non
2488 4250 2635 4297 esse
2677 4249 2748 4294 re

1891 4384 2292 4450 surrectione
2338 4389 2406 4449 et
2447 4382 2619 4450 inter

1723 4535 1807 4598 24
1893 4542 2294 4619 rogauerunt
2334 4555 2478 4602 eum
2526 4535 2595 4600 di

2199 4692 2422 4753 eentes
