3634 5717
794 639 924 706 254

837 842 923 907 30
1004 843 1090 909 Et
1132 862 1285 910 eoee
1330 850 1481 909 sunt
1523 844 1868 912 nouissimi

796 929 842 972 le
868 926 947 972 173

797 979 968 1074 „22²2oe
1004 995 1112 1079 qui
1158 1003 1346 1062 erant
1390 996 1598 1080 primi-
1631 1006 1699 1065 et
1742 1006 1895 1065 sunt

796 1094 870 1126 mr
895 1081 970 1124 111

1001 1149 1199 1234 primi
1243 1149 1355 1233 qui
1398 1155 1587 1216 erant
1629 1151 1971 1217 nouissimi

798 1285 939 1415 Βῗξθ
1007 1307 1076 1369 In
1123 1303 1273 1387 ipsa
1315 1302 1425 1370 die
1471 1310 1887 1370 neeesserunt

798 1423 845 1466 lo
867 1421 947 1467 174
1096 1457 1110 1472 .
1172 1469 1191 1477 ,
1421 1455 1435 1471 .
1623 1459 1646 1468 -
1751 1457 1765 1473 .

847 1473 901 1517 ιο
1005 1456 1205 1539 qmda
1249 1457 1653 1540 phansaeoru
1700 1457 1890 1523 dleen

1848 641 1941 708 Le
1981 642 2032 707 C
2076 643 2155 709 13
2201 643 2283 708 14

2318 845 2468 912 dieo
2514 851 2732 912 autem
2774 846 2964 913 uobis
3008 844 3165 928 quia

2318 1017 2449 1063 non
2493 996 2807 1066 uidebitis
2852 1018 2960 1064 me
3000 996 3217 1064 donee

2320 1150 2546 1217 ueniat
2590 1171 2755 1217 eum*
2781 1146 3003 1217 dicitis
3048 1152 3212 1218 bene

2319 1297 2531 1371 dietus
2578 1304 2917 1388 quisuenit
2960 1304 3027 1370 in
3071 1325 3155 1370 no

2320 1457 2495 1523 mine
2542 1457 2657 1524 dni

1005 1618 1104 1677 tes
1143 1610 1241 1676 illi
1274 1610 1452 1677 exiet
1480 1609 1653 1677 uade
1685 1612 1841 1678 hine
1872 1612 2029 1696 qvia
2114 1612 2165 1678 O
2193 1613 2270 1679 14
2316 1612 2399 1677 Et
2443 1612 2623 1678 faetii
2666 1618 2769 1679 est
2807 1613 2887 1678 οΐι
2935 1610 3138 1678 intras

1003 1763 1284 1830 herodes
1330 1771 1464 1830 «te»
1509 1765 1668 1831 uult.
1726 1764 2025 1833 oeeidere

832 1920 916 1984 32
1004 1923 1069 1981 et
1114 1916 1207 1983 ait
1251 1917 1386 1983 illis
1434 1918 1525 1984 ite
1586 1918 1801 1985 dioete
1844 1919 2028 2003 uulpi

895 2110 902 2117 ·
1008 2068 1105 2134 illi
1160 2090 1312 2138 eeoe
1367 2071 1535 2138 eieio
1581 2072 1911 2138 daemonia
1962 2079 2029 2137 et

1005 2222 1323 2291 sanitates
1367 2225 1649 2311 perficio.
1684 2224 1885 2292 hodie

1007 2386 1073 2444 et
1115 2398 1261 2445 eras
1304 2386 1371 2445 et
1414 2379 1612 2447 tertia
1654 2382 1764 2448 die
1811 2400 1933 2446 eon

795 2536 914 2606 ‚33
1001 2554 1285 2599 summor
1329 2536 1490 2601 uersi
1536 2542 1755 2602 tamen
1804 2557 1843 2601 o

1005 2694 1221 2772 portet
1264 2709 1368 2754 me
1412 2688 1611 2756 hodie
1655 2697 1720 2756 et
1766 2709 1912 2754 eras

1003 2848 1070 2907 et
1112 2841 1411 2924 sequenti
1457 2843 1792 2910 ambulare

1005 2994 1161 3076 quia
1201 3016 1331 3061 non
1379 2996 1560 3079 oapit
1603 2997 1925 3081 propheta

1003 3147 1217 3233 perire
1261 3155 1449 3214 extra
1491 3149 1818 3217 hierusale

828 3306 936 3405 34„
999 3294 1408 3370 Hierusalem
1453 3302 1785 3371 hierusale

792 3391 964 3537 :532
998 3478 1142 3541 quae
1187 3457 1434 3524 oeoidis
1479 3457 1838 3542 prophetas
1895 3464 1961 3523 et

997 3611 1258 3695 lapidas
1303 3630 1417 3675 eos
1464 3611 1573 3692 qui
1623 3610 1964 3676 mittuntur

999 3764 1085 3830 ad
1128 3772 1193 3831 te
1237 3765 1540 3848 quotiens
1587 3764 1763 3830 uolui
1814 3783 1935 3830 eon

999 3938 1276 4001 gregare
1321 3918 1494 3984 filios
1539 3923 1685 3983 tuos
1731 3917 1943 4000 quead

1001 4071 1197 4147 modii
1245 4073 1387 4138 auis
1433 4071 1594 4137 nidfi
1640 4091 1823 4137 suum
1871 4071 1991 4136 sub

826 4229 910 4293 35
996 4225 1217 4312 pinnis
1261 4233 1327 4292 et
1370 4225 1640 4292 noluisti
1685 4246 1841 4292 eeee
1890 4248 1960 4293 re

994 4380 1324 4463 linquetur
1366 4379 1555 4447 uobis
1601 4380 1832 4446 domus

1300 4542 1523 4600 uestra

2110 1698 2259 1794 {31⁴⁷}

2109 1842 2112 1846 Α
2162 1799 2215 1844 10
2317 1772 2419 1831 set
2464 1766 2532 1831 in
2571 1764 2769 1832 domfi
2815 1765 3085 1832 euiusdfi

2315 1920 2636 2004 principis
2682 1918 3152 2004 pharisaeorum

2315 2073 2592 2140 sabbato
2637 2073 3035 2140 manducare
3075 2093 3168 2157 pa

2318 2236 2401 2291 ne
2445 2234 2513 2294 et
2554 2226 2686 2311 ipsi
2731 2226 3170 2294 obseruabant

2188 2378 2231 2441 2
2316 2388 2401 2444 esi
2446 2387 2513 2446 et
2555 2400 2708 2448 eooe
2752 2380 2954 2464 quide
2994 2380 3191 2446 homo

2318 2532 2718 2619 hydropicus
2762 2541 2905 2601 erat
2950 2541 3101 2601 ante

2110 2688 2255 2816 lo1377
2312 2687 2430 2753 illu
2475 2688 2561 2753 Et
2602 2688 3015 2773 respondens

2111 2824 2419 2918 m2⁵115ihs
2465 2840 2638 2908 dixit
2681 2842 2767 2908 ad
2812 2841 2983 2925 legis
3028 2840 3283 2925 peritos

2319 3003 2386 3061 et
2426 2995 2768 3080 phariseos
2813 2994 3042 3061 dieens
3086 2994 3144 3057 si

2317 3148 2473 3215 lieet
2515 3149 2792 3215 sabbato
2841 3166 3070 3213 curare

2185 3302 2227 3366 4
2312 3309 2383 3368 at
2425 3302 2524 3368 illi
2567 3308 2911 3369 tacuerunt
2953 3300 3099 3384 ipse
3144 3320 3227 3366 ue

2313 3475 2384 3521 ro
2430 3454 2849 3539 adprehensfi
2894 3452 3160 3519 sanauit

2179 3611 2220 3674 5
2308 3611 2389 3676 efi
2436 3629 2515 3675 ae
2558 3607 2810 3674 dimisit
2854 3613 2920 3674 et
2965 3626 3206 3690 respon

2313 3761 2477 3828 dens
2521 3761 2605 3828 ad
2654 3762 2803 3828 illos
2848 3761 3020 3828 dixit
3067 3761 3253 3828 euius

2311 3917 2533 3982 uestrfi
2587 3917 2810 3984 asinus
2854 3923 2970 3983 aut
3011 3916 3130 3981 bos

2311 4073 2380 4138 in
2425 4080 2690 4158 puteum
2735 4071 2930 4139 eadet
2973 4078 3040 4138 et
3085 4091 3217 4136 non

2311 4229 2618 4294 continuo
2664 4226 2967 4294 extrahet
3009 4224 3129 4289 illu

2183 4383 2222 4444 6
2309 4380 2419 4449 die
2463 4382 2723 4450 sabbati
2768 4389 2834 4447 et
2876 4398 3007 4445 non
3055 4399 3142 4463 po

2312 4543 2527 4603 terant
2573 4538 2655 4604 ad
2707 4536 2867 4601 haee
