3634 5717
869 853 924 1034 *⁵8*

847 1044 871 1085 t

895 1042 946 1086 ’ἐι

945 1042 972 1085 5

799 1106 874 1188 ..οξ
801 1056 848 1086 Β
801 939 846 984 ε.

897 1094 921 1137 ..a

801 1283 846 1325 io
871 1281 925 1324 49

802 1387 870 1427 mt
881 1332 971 1426 ι149»

803 1435 950 1529 ἰὲἐὲ

835 4213 915 4277 10

1896 652 2194 715 101106

1009 853 1170 918 Erat
1212 858 1363 918 aute
1410 852 1711 937 proximu
1758 873 1880 938 pas

1006 1004 1132 1071 cha
1175 1004 1318 1071 dies
1366 1005 1569 1072 festus
1614 1007 1908 1073 iudaeorfi

1011 1159 1090 1223 cfi
1138 1157 1464 1235 eleuassct
1509 1178 1667 1241 ergo
1713 1179 1835 1224 ocv

1012 1311 1109 1376 los
1151 1311 1254 1375 ihs
1293 1318 1358 1375 et
1401 1310 1681 1376 uidisset
1724 1311 1880 1394 quia

1014 1463 1359 1529 multitudo
1407 1464 1696 1530 maxima
1738 1484 1820 1529 ue

1009 1618 1108 1682 nit
1152 1616 1237 1682 ad
1286 1618 1367 1681 eu
1414 1617 1509 1681 ait
1553 1616 1856 1701 philippo

1010 1768 1184 1833 uude
1230 1788 1517 1834 ememus
1563 1789 1771 1853 panes

1004 1928 1075 1987 ut
1118 1919 1515 1986 manducent
1558 1920 1651 1986 hii
1699 1922 1825 1988 hoc

1007 2080 1158 2139 aute
1199 2073 1462 2139 dicebat
1505 2080 1838 2159 temptans

1007 2228 1089 2292 cu
1137 2226 1280 2310 ipse
1326 2226 1502 2291 euim
1547 2226 1799 2293 sciebat

1006 2376 1161 2462 quid
1207 2386 1382 2444 esset
1427 2381 1714 2478 facturus

1003 2531 1347 2614 respoudit
1389 2532 1450 2595 ei
1499 2530 1837 2615 philippus

1002 2682 1425 2749 ducentorum
1472 2684 1745 2750 denario

1004 2837 1076 2900 τῇ
1127 2856 1332 2920 panes
1382 2857 1507 2902 non
1558 2835 1770 2902 suffici

1005 2998 1120 3053 unt
1164 2989 1261 3054 eis
1306 2996 1377 3053 ut
1415 2988 1791 3070 unusquisq'

1005 3135 1266 3206 modicu
1315 3141 1600 3224 accipiat
1646 3140 1808 3206 dicit

1003 3294 1064 3358 ei
1111 3312 1273 3359 uuus
1317 3312 1400 3356 ex
1441 3292 1784 3377 discipulis
1832 3292 1890 3357 ei
1938 3383 1961 3394 .„

1001 3465 1077 3512 us
1122 3446 1405 3512 andreas
1453 3450 1653 3512 frater
1697 3445 1864 3511 simo

1001 3599 1105 3664 uis
1152 3600 1320 3684 petri
1367 3608 1468 3665 est
1513 3620 1674 3684 puer
1717 3621 1883 3667 unus

1003 3750 1110 3816 hic
1155 3751 1266 3834 qui
1308 3750 1507 3818 habet
1552 3754 1769 3836 quinq'
1815 3775 1921 3841 pa²

1004 3923 1120 3970 nes
1167 3905 1493 3971 ordiacios
1539 3913 1605 3969 et
1648 3903 1811 3970 duos

1006 4056 1220 4139 pisces
1264 4055 1381 4121 sed
1430 4055 1595 4121 haec
1633 4055 1789 4139 quid
1836 4063 1898 4121 st

1002 4208 1160 4274 intel
1216 4215 1454 4274 tantos.
1499 4206 1669 4273 dixit
1715 4228 1785 4274 er

1005 4380 1090 4445 go
1137 4360 1240 4425 ihs
1285 4358 1484 4426 facite
1528 4360 1826 4427 hominos

1004 4511 1414 4579 discumbere
1459 4520 1604 4580 erat
1646 4522 1799 4580 aute

1005 4662 1178 4732 faenu
1223 4666 1432 4730 multu
1477 4668 1545 4731 iu
1591 4666 1705 4730 illo
1753 4667 1896 4732 loco

2332 851 2799 918 discubuerunt
2840 870 2999 934 ergo

2333 1005 2458 1072 uiri
2502 1024 2771 1071 numero
2818 1004 3008 1088 quasi
3092 1097 3100 1107 ἱ

2170 1166 2239 1228 11
2334 1157 2782 1274 quinq’·milia
2827 1157 3085 1240 accepit

2333 1332 2491 1395 ergo
2537 1310 2641 1375 ihs
2687 1329 2893 1395 panes
2934 1318 3001 1376 et

2333 1421 2586 1548 gratias
2633 1483 2839 1546 agens
2885 1461 3077 1527 distri

2334 1619 2473 1684 buit.
2517 1614 2953 1684 discumbenti

2334 1773 2452 1838 bus
2497 1769 2803 1837 similiter
2848 1776 2914 1834 et
2957 1767 3040 1832 de

2337 1923 2561 2009 piscib'
2607 1930 2855 2006 quantu
2899 1921 3049 1986 uole

2157 2082 2233 2149 12
2321 2079 2480 2144 baut
2524 2076 2757 2160 quibus
2803 2081 3027 2140 satura

2329 2230 2414 2295 tis
2460 2229 2631 2296 dixit
2672 2226 3016 2312 discipulis

2329 2384 2465 2448 suis
2509 2380 2807 2464 colligite
2852 2398 3020 2463 quae

2328 2541 2804 2620 superauerunt
2846 2533 2995 2616 frag

2329 2694 2550 2752 menta
2592 2707 2677 2751 ue
2724 2692 2998 2770 percant

2167 2837 2237 2900 13
2327 2839 2724 2922 colligerunt
2765 2858 2926 2922 ergo
2971 2843 3037 2902 et

2327 2991 2743 3075 inpleueruut
2788 2981 3112 3075 cophinos

2326 3158 2450 3208 ΧΠ.
2498 3163 2578 3207 ex
2627 3143 2761 3209 illis
2805 3157 2889 3208 Ν.
2939 3142 3161 3226 panib’
3205 3161 3271 3204 or
3340 3183 3345 3188 -

2326 3296 2562 3362 diaciis
2607 3315 2777 3380 quae
2820 3314 3019 3379 super

2326 3451 2585 3515 fuerunt
2629 3468 2711 3514 cx
2756 3448 2860 3513 his
2905 3449 3013 3531 qui

2327 3602 2886 3669 manducauernnt

2158 3774 2221 3837 ι]
2326 3755 2434 3821 Illi
2477 3775 2636 3838 ergo
2677 3753 2979 3819 homines
3023 3762 3111 3817 cu

2124 3858 2132 3868 ’
2191 3859 2245 3901 50

2122 3871 2223 3952 ¹⁰1⁰
2325 3905 2651 3972 uidissent
2695 3905 2871 3989 quod
2914 3906 2979 3971 fe

2171 3962 2238 4005 sol

2327 4059 2417 4125 cit
2457 4060 2654 4143 signu
2703 4058 3012 4124 dicebant

2326 4210 2497 4294 quia·
2525 4211 2633 4278 hic
2677 4218 2779 4277 est
2819 4230 2974 4277 uere
3021 4230 3148 4294 pro

2325 4363 2527 4448 pheta
2571 4365 2680 4448 qui
2728 4364 2792 4428 in
2839 4364 3013 4430 hunc
3059 4384 3220 4430 mun

2323 4514 2476 4582 dum
2522 4516 2706 4582 uenit
2748 4516 2872 4581 ihs.
