3634 5717
328 652 451 720 Fol
500 653 617 720 127

533 858 801 924 liberari
848 858 931 924 ab
975 857 1091 923 illo
1134 876 1218 922 ne
1260 857 1362 922 for

535 1018 601 1078 te
646 1010 868 1078 tradat
905 1018 972 1078 te
1012 1009 1095 1076 ad
1142 1010 1356 1077 iudiee

534 1171 600 1232 et
647 1164 844 1231 iudex
888 1164 1110 1231 tradat
1151 1172 1218 1231 te
1262 1184 1344 1230 ex

535 1319 740 1385 actori
786 1326 852 1384 et
896 1325 1163 1385 exactor
1206 1317 1324 1382 mit

367 1470 451 1535 59
539 1480 637 1538 tat
679 1480 745 1539 te
789 1473 859 1538 in
904 1483 1164 1539 earcere
1211 1471 1358 1537 dieo

535 1626 654 1691 tibi
699 1646 828 1691 non
875 1624 1056 1691 exies
1096 1625 1254 1691 inde
1292 1625 1377 1691 do

325 1864 350 1913 †
429 1863 440 1873 ⁶
535 1800 656 1845 nee
700 1779 900 1845 etiam
943 1778 1305 1844 nouissimi

379 1875 508 1907 minu

267 1948 275 1955 ’
327 1930 392 2061 g
412 1929 491 2059 ἐξ.
537 1935 636 1999 'fta
686 1932 975 1999 debitum
1019 1930 1262 1999 reddas
1307 1932 1451 2055 Ade

327 2067 476 2163 ¹⁰1¹0⁶³
537 2094 686 2153 rant
729 2088 880 2153 aute
925 2085 1126 2170 quida
1167 2086 1236 2151 in
1282 2087 1384 2170 «ip

536 2261 645 2308 so»
691 2247 986 2325 tempore
1031 2240 1303 2306 nuntian

534 2403 633 2461 tes
680 2394 776 2460 illi
823 2395 907 2460 de
952 2393 1234 2478 galilaeis
1278 2414 1404 2476 quo

535 2559 613 2613 rii
658 2548 982 2632 sanguine
1028 2548 1272 2633 pilatus

541 2702 801 2767 miscuit
845 2720 988 2766 eum
1029 2700 1256 2767 sacrifi

410 2854 450 2916 2
537 2855 656 2922 eiis
703 2875 921 2921 eorum
968 2861 1034 2921 et
1077 2875 1313 2939 respon

538 3010 701 3076 dens
747 3008 917 3075 dixit
960 3008 1094 3074 illis
1138 3015 1298 3092 puta

538 3163 622 3229 tis
668 3160 841 3246 quod
881 3161 975 3226 hii
1019 3161 1264 3247 galilaei
1313 3181 1446 3244 prae

541 3315 779 3382 omnib’
822 3314 1104 3399 galilaeis
1129 3322 1354 3398 ‘pecca

541 3478 715 3537 tores
760 3469 1020 3535 fuerunt
1059 3468 1215 3552 quia

408 3616 478 3679 3'
536 3622 702 3689 talia
742 3622 923 3707 passi
968 3628 1119 3687 sunt
1163 3642 1290 3685 non

538 3775 685 3842 dieo
732 3775 917 3841 uobis
963 3773 1081 3841 sed
1127 3774 1254 3840 nisi
1303 3795 1402 3857 pa».

534 3928 816 3995 nitentia
861 3926 1221 3993 habueritis

542 4100 765 4147 omnes
811 4080 1116 4147 similiter
1159 4102 1243 4166 pe

410 4240 453 4303 4
540 4231 753 4298 ribitis
798 4238 864 4298 et
908 4232 1077 4299 sieut
1117 4232 1214 4297 illi
1263 4233 1346 4298 de

539 4390 613 4449 ee
655 4390 721 4449 et
764 4392 910 4451 oeto
954 4404 1155 4469 supra
1199 4405 1357 4468 quos

709 4537 946 4601 cecidit
993 4536 1186 4601 turris

1372 653 1464 721 Le
1507 652 1559 720 O
1606 655 1686 723 12
1733 656 1812 723 13
2748 657 2869 723 251

1852 858 1921 923 in
1965 858 2135 924 siloa
2176 865 2243 924 et
2285 857 2526 924 oceidit
2569 878 2682 925 eos

1850 1012 2097 1096 putatis
2144 1011 2299 1095 quia
2343 1019 2410 1078 et
2450 1012 2583 1095 ipsi
2629 1011 2779 1078 debi

1832 1172 2026 1231 tores
2069 1164 2330 1230 fuerunt
2373 1172 2590 1249 preter

1851 1337 2076 1385 omnes
2122 1316 2566 1385 «habitantes»
2612 1318 2790 1384 homi

1661 1500 1678 1507 -
1720 1470 1762 1533 5
1849 1491 1967 1537 nes
2000 1472 2066 1537 in
2115 1470 2443 1538 hierusale
2487 1492 2616 1537 non

1850 1623 1998 1690 dieo‘
2040 1623 2230 1690 uobis
2274 1626 2393 1691 sed
2435 1627 2493 1690 si
2536 1644 2664 1690 non
2712 1645 2815 1708 pae

1850 1777 2130 1843 nitentia
2173 1777 2443 1862 egeritis
2489 1799 2593 1844 om

1850 1950 1965 1996 nes
2009 1930 2315 1997 similiter
2357 1931 2657 2016 peribitis

1714 2087 1755 2151 6
1844 2084 2124 2151 Dicebat
2172 2092 2321 2151 aute
2367 2085 2538 2151 hane
2580 2085 2637 2150 si

1640 2173 1686 2215 le
1711 2169 1790 2214 164

1694 2221 1744 2266 10

1849 2236 2220 2303 militudine
2262 2240 2492 2304 arbore
2538 2240 2580 2302 fi

1851 2393 1908 2456 ei
1955 2390 2185 2458 babuit
2227 2391 2428 2476 quida
2472 2391 2704 2476 planta
2790 2412 2797 2419 ·

1851 2551 1920 2612 ta
1965 2546 2030 2611 in
2076 2546 2274 2613 uinea
2312 2557 2432 2611 sua
2476 2552 2542 2611 et
2586 2545 2768 2611 uenit

1850 2720 2147 2784 quaerens
2192 2701 2404 2766 fruetfi
2449 2700 2519 2764 in
2566 2699 2684 2765 illa
2751 2696 2756 2701 ’

1722 2857 1757 2919 7
1849 2860 1914 2919 et
1960 2875 2090 2922 non
2135 2854 2406 2922 inuenit.
2452 2853 2622 2919 dixit
2665 2874 2749 2919 au

1849 3018 1913 3076 te
1962 3010 2047 3077 ad
2093 3009 2339 3076 cultore
2385 3006 2620 3073 uineae

1849 3162 2001 3230 ecee
2046 3163 2201 3229 anni
2249 3170 2383 3229 tres
2427 3165 2578 3226 sunt
2620 3146 2702 3226 ex

1851 3338 1976 3399 quo
2024 3316 2216 3382 uenio
2262 3312 2560 3398 quaerens
2605 3313 2664 3376 fr

1850 3476 2002 3534 uota
2052 3469 2118 3532 in
2164 3466 2431 3533 ficulnia
2476 3466 2601 3531 hae
2643 3471 2711 3531 et

1852 3642 1981 3687 non
2030 3619 2294 3686 inuenio
2340 3619 2604 3684 suooide

1854 3796 2012 3861 ergo
2057 3774 2173 3839 illa
2212 3778 2286 3839 ut
2330 3770 2484 3856 quid
2530 3769 2663 3836 etia

1721 3930 1760 3992 8
1847 3938 2022 3995 terra
2065 3934 2358 4012 oeeupat.
2401 3932 2471 3991 at
2513 3923 2628 3990 ille
2673 3941 2774 3988 res

1851 4081 2151 4166 pondens
2192 4079 2361 4145 dixit
2404 4078 2503 4150 illi
2549 4077 2680 4143 dile

1851 4234 2120 4301 demitte
2163 4233 2283 4298 illa
2327 4239 2392 4298 et
2436 4232 2561 4296 hoe
2604 4250 2689 4295 an

1850 4407 1933 4451 no
1976 4387 2112 4470 usq'
2156 4386 2246 4451 dsi
2307 4384 2489 4450 fodia
2529 4385 2705 4449 eirea

1852 4539 2031 4604 illam
2078 4548 2143 4604 et
2188 4539 2373 4603 mitta
