3634 5717
322 654 441 719 Fol
489 655 612 721 176

359 856 442 923 39

317 941 364 984 io
390 941 468 1036 ¹1⁰⁹

318 1095 466 1189 {2¹3⁷

354 1196 443 1260 40

354 2082 434 2147 41

325 2167 368 2210 io
375 2167 470 2261 ¹{310

375 2271 442 2313 sol

360 2543 445 2608 42

365 3464 449 3530 43

363 4538 445 4603 45

528 857 889 940 Propterea
932 874 1063 922 non
1113 863 1266 942 pote

319 1047 388 1087 m
411 1043 488 1087 234
524 1013 674 1074 rant
719 1006 986 1075 eredere
1025 1009 1183 1092 quia
1222 1010 1247 1075 i

525 1163 671 1227 terii
717 1159 887 1227 dixit
931 1162 1148 1229 esaias
1193 1183 1351 1230 exee

523 1314 702 1380 eauit
744 1315 969 1381 oeulos
1015 1319 1172 1383 eorfi
1218 1323 1286 1383 et

525 1466 860 1534 indurauit
904 1470 1062 1535 eorfi
1105 1489 1218 1535 eor

527 1628 597 1685 ut
637 1641 764 1687 non
814 1621 1085 1689 uideant
1128 1642 1248 1688 oen

525 1774 609 1840 lis
653 1780 719 1876 et
763 1774 958 1841 eorde
998 1775 1392 1861 intellegant

527 1933 594 1993 et
637 1934 1103 1995 conuertantur
1147 1936 1213 1996 et

524 2093 686 2147 sane
732 2101 845 2146 eos
892 2081 1072 2147 Haee
1117 2080 1277 2147 dieit

531 2234 748 2301 esaias
794 2235 1056 2319 qnando
1102 2233 1271 2301 uidit

531 2389 744 2472 glorie
788 2389 928 2455 eius
973 2395 1039 2454 et
1079 2388 1333 2455 loeutus

532 2548 632 2608 est
673 2543 756 2610 de
797 2563 876 2608 eo
914 2544 1075 2609 uerti
1121 2548 1340 2609 tamen
1387 2549 1453 2610 et

534 2716 616 2761 ex
661 2695 1005 2792 principib’
1051 2696 1235 2762 multi

536 2847 954 2916 erediderunt
997 2849 1065 2916 in
1109 2852 1192 2916 eti

534 3003 649 3068 sed
696 3009 966 3089 propter
1009 3003 1295 3088 pharisae

534 3176 607 3221 os
652 3125 779 3221 tion
827 3156 1197 3223 confiteban

532 3314 637 3375 tur
680 3315 752 3375 ut
794 3308 879 3375 de
921 3329 1271 3394 synagoga

536 3483 666 3528 non
713 3462 1078 3530 eicerentur
1117 3463 1294 3531 dilex

536 3622 726 3718 erun}
769 3628 876 3682 eni
922 3615 1136 3700 gloria
1177 3616 1263 3681 ho
1313 3657 1320 3662 -

536 3769 718 3835 mimi
763 3767 978 3854 magis
1023 3781 1152 3852 qua
1194 3770 1306 3855 glo

535 3923 700 3990 riam
744 3922 812 3989 di
858 3922 964 3987 ihfi
1008 3929 1157 3989 aute
1202 3923 1309 3988 ela

537 4078 742 4144 mauit
786 4084 853 4145 et
890 4075 1062 4143 dixit
1103 4059 1215 4161 'qui
1262 4097 1374 4142 ere*

537 4230 636 4297 dit
679 4231 744 4297 in
791 4251 897 4297 me
939 4251 1070 4298 non
1114 4231 1325 4298 eredit

539 4384 603 4448 in
652 4404 755 4449 me
799 4384 918 4450 sed
965 4385 1030 4449 in
1077 4386 1159 4450 01'1
1205 4384 1313 4466 qui
1357 4383 1447 4448 mi

533 4537 622 4602 sit
664 4558 767 4604 me
815 4542 881 4600 et
925 4536 1036 4619 qui
1082 4534 1248 4601 uidit
1290 4556 1432 4602 me·

535 4690 718 4756 uidet
762 4692 845 4757 eii
891 4689 999 4773 qui
1045 4708 1149 4756 me
1189 4689 1369 4756 misit

1353 656 1470 722 Ioh
1518 657 1568 723 G
1619 657 1689 723 11
1742 656 1822 720 12

2741 656 2861 724 351

1667 858 1753 924 46
1838 860 1982 942 Ego
2027 858 2140 923 lux
2183 856 2251 923 in
2298 856 2545 923 mundfi
2587 878 2669 925 ue

1636 944 1681 987 io
1687 944 1785 1039 11)12

1619 1048 1754 1089 ‘sol

1558 1319 1750 1386 ‘47

1671 2235 1758 2299 48

1668 3156 1753 3219 49

1844 1009 1914 1076 ni
1957 1016 2024 1077 et
2068 1011 2278 1076 omnis
2323 1010 2434 1093 qui
2479 1011 2689 1078 eredit

1842 1162 1911 1228 in
1957 1182 2060 1230 me
2105 1162 2172 1228 in
2218 1164 2505 1230 tenebris
2545 1185 2673 1230 non

1842 1321 2066 1383 manet
2108 1322 2174 1383 et
2216 1316 2274 1382 si
2320 1317 2463 1401 quis
2509 1338 2591 1384 au

1842 1467 2041 1535 dierit
2083 1470 2286 1537 uerba
2328 1489 2479 1537 mea
2522 1476 2588 1538 et

1842 1643 1972 1688 non
2017 1594 2402 1691 eustedierit
2440 1642 2565 1708 ego
2611 1645 2739 1691 non

1844 1774 2061 1842 iudico
2104 1778 2189 1844 efi
2234 1797 2365 1842 non
2410 1777 2583 1843 enim

1841 1928 1992 1995 ueni
2038 1934 2109 1995 ut
2152 1928 2369 1996 iudiee
2414 1930 2655 1998 mundi

1842 2080 1961 2148 sed
2005 2088 2078 2147 ut
2118 2082 2307 2148 saluii
2352 2083 2589 2150 faciam

1846 2233 2151 2301 mundum
2198 2236 2308 2319 qui
2353 2237 2607 2320 spernit

1849 2408 1952 2454 me
1996 2394 2063 2454 et
2106 2409 2234 2454 non
2279 2388 2524 2473 aeeipit
2566 2410 2681 2456 uer

1848 2541 1935 2607 ba
1970 2515 2126 2607 'mea
2166 2542 2366 2608 habet
2412 2539 2519 2626 qui
2562 2543 2625 2609 iu

1846 2693 2024 2760 dieet
2067 2695 2146 2760 ef]
2193 2715 2407 2761 sermo
2447 2708 2571 2780 que

1849 2848 2102 2914 loeutus
2146 2859 2224 2914 ssi
2272 2848 2386 2917 ille
2433 2850 2653 2918 iudica

1848 3001 1945 3067 bit
1989 3003 2072 3067 efi
2117 3003 2185 3068 in
2232 3001 2592 3070 nouissimo

1842 3153 1951 3220 die
1995 3154 2152 3236 quia
2195 3176 2324 3240 ego
2368 3177 2453 3224 ex
2498 3177 2602 3225 me
2646 3160 2715 3243 ip

1844 3327 1919 3372 so
1964 3327 2093 3373 non
2140 3310 2219 3372 εὖ
2265 3309 2518 3375 loeutus

1846 3459 1963 3526 sed
2009 3460 2115 3543 qui
2165 3460 2345 3526 misit
2388 3479 2493 3528 me
2532 3482 2622 3549 pa

1847 3619 1946 3680 ter
1989 3614 2132 3698 ipse
2176 3613 2336 3679 mihi
2381 3613 2627 3681 manda

1847 3769 1918 3831 tfi
1965 3766 2151 3834 dedit
2194 3766 2351 3850 quid
2395 3767 2547 3834 diesi
2588 3774 2655 3842 et

1847 3919 2002 4004 quid
2048 3921 2279 4005 loquor
2321 3926 2390 3988 et
2430 3920 2568 3988 seio

1848 4076 2003 4158 quia
2047 4074 2361 4142 mandatfi
2409 4074 2548 4141 eius

1848 4227 1988 4295 uita
2030 4234 2280 4296 aeterna
2321 4235 2423 4295 est
2466 4248 2610 4313 qnae
2654 4247 2727 4295 er

1850 4402 1935 4464 go
1980 4401 2105 4465 ego
2147 4383 2378 4466 loquor
2420 4329 2591 4449 sieut

1853 4534 2023 4601 dixit
2066 4534 2225 4600 mihi
2271 4541 2461 4619 pater
2503 4534 2600 4600 sie
2645 4534 2875 4617 loquor

1641 4690 1804 4827 9133
1849 4688 2021 4754 Ante
2062 4686 2199 4753 di&
2244 4687 2480 4754 festum

2154 4841 2418 4925 pasehae
