3634 5717
2811 644 2939 704 VII

380 827 683 899 evangelii,
751 829 854 888 sed
912 831 1094 891 totius
1154 832 1392 908 codicis,
1440 828 1703 891 habitum
1748 830 1933 889 fuisse
1990 830 2252 908 videtur3
2320 843 2456 890 sunt
2502 831 2560 890 in
2606 850 2674 890 eo
2720 842 2942 903 septem

382 913 779 973 tantummodo
832 935 1037 976 versus
1094 918 1339 993 (Matth.
1397 925 1449 994 1,
1503 922 1628 994 18),
1686 916 1890 988 grandi
1937 915 2148 975 initiali
2215 936 2280 975 ac
2346 918 2671 989 permagnis
2725 917 2942 976 litteris

379 999 582 1069 scripti
628 1007 727 1057 aut
773 1001 968 1071 potius
1014 1002 1328 1075 delineati3
1394 1014 1611 1062 exeunt
1676 1002 1909 1061 litterae
1973 1002 2031 1060 in
2091 1002 2329 1074 angulos
2387 1002 2704 1074 propedum
2751 1013 2941 1062 rectos

377 1092 627 1155 suntque
696 1085 850 1143 inter
913 1107 976 1146 se
1042 1108 1333 1148 connexae
1400 1107 1467 1147 ac
1534 1088 1712 1147 variis
1790 1085 2240 1148 versicoloribus
2320 1088 2656 1146 animalium
2721 1089 2940 1160 figuriffi

377 1169 553 1227 simili
596 1169 766 1228 modo
799 1174 1092 1250 connexim
1137 1175 1476 1246 plerumque
1507 1175 1721 1240 aureis„
1766 1181 2022 1232 ornatae.
2095 1171 2368 1232 Ceterum
2400 1173 2459 1231 in
2490 1173 2689 1232 eadem
2734 1176 2942 1246 pagina

376 1254 599 1326 longior
642 1275 871 1327 quoque
916 1259 1220 1332 inscriptio
1267 1259 1463 1332 lingua
1498 1268 1696 1318 vetere
1742 1259 1988 1331 Anglica
2040 1256 2596 1331 (Anglo-Saxoniea)
2642 1269 2940 1333 concepta,

375 1340 609 1416 legitur,
654 1361 824 1413 quam
872 1343 945 1402 ad
989 1355 1242 1404 aetatem
1270 1355 1333 1404 et
1361 1345 1734 1417 migrationes
1764 1344 1981 1403 codicis
2026 1343 2384 1408 definiendas
2427 1344 2617 1416 magni
2664 1347 2940 1404 momenti

380 1445 507 1484 esse
553 1425 708 1484 infra
752 1426 1274 1490 demonstrabimus
1288 1427 1360 1504 ¹).

552 1508 750 1571 Codex
808 1533 1019 1574 aureus
1073 1515 1364 1588 duplicem
1407 1515 1750 1575 divisionem
1796 1513 1993 1593 habet,
2040 1514 2098 1573 in
2144 1515 2535 1596 κεφαλαια,
2587 1515 2938 1587 »capitulae

375 1597 434 1657 h.
461 1616 510 1656 e.
559 1598 846 1657 sectiones
877 1599 1194 1674 Ammonii,
1239 1611 1301 1660 et
1338 1601 1399 1661 in
1439 1602 1707 1669 τιτλους
1744 1599 2051 1668 »breves«,
2096 1601 2154 1662 h.
2186 1620 2239 1660 e.
2273 1610 2471 1672 partes
2515 1600 2782 1661 maiores
2845 1600 2942 1659 Ita

377 1682 736 1755 evangelium
780 1684 1070 1746 Matthaei
1117 1687 1177 1746 in
1225 1694 1341 1747 353
1391 1686 1667 1764 capitula,
1718 1692 1791 1745 79
1825 1686 2030 1745 breves
2070 1686 2321 1745 divisum
2366 1695 2476 1762 est,
2522 1706 2611 1744 ev.
2660 1686 2896 1745 Marci
2880 1707 2938 1744 ιιι

380 1775 500 1826 232
533 1768 807 1847 capitula,
854 1774 931 1829 47
964 1769 1193 1848 breves,
1240 1793 1326 1833 ev.
1362 1772 1600 1832 Lucae
1584 1793 1645 1830 ιιι
1679 1777 1798 1831 342
1844 1771 2119 1846 capitula,
2171 1774 2244 1830 78
2290 1771 2518 1843 breves,
2565 1792 2653 1830 ev.
2704 1770 2940 1830 Ioannis

377 1853 436 1911 in
485 1860 605 1912 232
651 1855 934 1932 capitula,
997 1864 1073 1917 36
1119 1857 1342 1918 breves.
1436 1857 1605 1917 Hanc
1659 1857 2006 1916 divisionem
2050 1877 2162 1916 non
2207 1876 2437 1928 semper
2478 1877 2609 1915 cum
2653 1855 2939 1915 similibus

378 1938 621 1998 aliorum
665 1939 929 2001 codicum
973 1942 1359 2003 divisionibus
1403 1963 1737 2022 congruere,
1785 1944 1910 2014 ipse
1956 1952 2153 2001 textus
2198 1937 2663 2014 demonstrat²)„

549 2023 748 2085 Codex
792 2037 991 2087 noster
1034 2049 1148 2089 non
1191 2029 1382 2106 modo,
1428 2030 1582 2088 sicut
1624 2030 1806 2088 ceteri
1851 2027 2113 2099 plerique
2146 2028 2278 2086 novi
2310 2029 2645 2086 testamenti
2691 2027 2936 2102 codices,

378 2130 646 2170 numeros
713 2121 775 2170 et
839 2123 1007 2172 notas
1052 2115 1396 2187 marginales
1462 2114 1640 2172 habet
1705 2113 1778 2172 ad
1831 2114 2119 2171 sectiones
2175 2122 2236 2171 et
2292 2132 2538 2171 canones
2583 2112 2940 2185 singulorum

376 2196 803 2268 evangeliorum
849 2197 1255 2276 designandos,
1301 2219 1499 2257 verum
1545 2199 1725 2258 etiam
1767 2198 1984 2269 ubique
2030 2207 2197 2256 notas
2229 2207 2291 2256 et
2320 2217 2587 2256 numeros
2619 2197 2693 2256 ad
2723 2207 2930 2256 cetero

376 2300 505 2339 rum
550 2301 781 2353 quoque
825 2283 1253 2354 evangeliorum
1298 2304 1545 2342 canones
1600 2281 1964 2358 indicandos3
2031 2281 2319 2346 nonnullis
2388 2291 2580 2340 tamen
2645 2281 2787 2340 locis
2831 2282 2940 2339 hae

379 2376 549 2424 notae
594 2366 843 2425 omissae
886 2376 1042 2428 sunt.

550 2449 625 2507 In
668 2449 826 2508 foliis
871 2451 1132 2509 sufflavis
1176 2452 1467 2522 scriptura
1511 2459 1835 2508 atramento
1866 2450 2030 2521 nigro
2062 2459 2298 2508 exarata
2328 2460 2420 2508 est
2436 2445 2488 2523 ³.)
2536 2459 2944 2521 praeterquam

383 2535 440 2591 in
488 2535 675 2605 primo
719 2535 1176 2608 uniuscuiusque
1219 2535 1415 2595 brevis
1460 2556 1653 2606 versu,
1699 2537 1798 2606 qui
1852 2534 2091 2594 rubrum
2144 2535 2391 2593 colorem
2421 2533 2614 2595 habet.
2678 2532 2943 2592 Initiales

383 2619 838 2690 uniuscuiusque
904 2622 1181 2680 sectionis
1246 2621 1478 2680 litterae
1537 2642 1603 2679 ac
1662 2621 1893 2679 nomina
1944 2619 2182 2678 »Iesus«
2248 2632 2309 2678 et
2359 2618 2702 2679 »Christus«
2753 2618 2943 2678 colore

381 2724 557 2766 aureo
625 2715 686 2763 et
751 2715 1023 2777 argenteo
1088 2716 1293 2778 postea
1358 2706 1557 2764 addita
1615 2716 1770 2767 sunt.
1862 2706 1930 2765 In
1980 2707 2287 2777 purpureis
2334 2704 2490 2764 foliis
2535 2725 2944 2777 nonnunquam

380 2788 540 2848 color
567 2789 819 2849 olearius
850 2790 1013 2850 albus
1045 2791 1343 2850 adhibitus
1374 2802 1463 2850 est
1486 2786 1563 2866 4),
1596 2792 1828 2863 saepius
1860 2800 2050 2850 tamen
2082 2785 2358 2862 aureus5)
2391 2800 2452 2849 et
2480 2789 2769 2849 nonnullis
2800 2790 2941 2849 locis

376 2884 704 2946 argenteus.
764 2875 848 2934 Et
891 2887 1198 2948 argenteus
1239 2877 1473 2948 quidem
1518 2875 1675 2937 color
1719 2875 1875 2935 haud
1919 2896 2124 2947 parum
2155 2875 2459 2952 expalluit,
2504 2875 2713 2947 reliqui
2744 2895 2941 2935 omnes

378 2980 615 3044 prorsus
662 2961 873 3033 integri
918 2971 1057 3021 sunt
1100 2983 1166 3021 ac
1210 2962 1519 3036 fulgenteS,
1565 2982 1670 3021 nec
1714 2961 1834 3021 ullo
1878 2962 2048 3020 modo
2080 2981 2185 3033 per
2208 2961 2461 3033 spatium
2501 2965 2659 3020 1400
2692 2961 2941 3020 fortasse

376 3065 655 3104 annorum
702 3046 923 3107 detriti.
987 3047 1059 3106 In
1104 3048 1413 3119 purpureis
1452 3048 1609 3106 foliis
1653 3067 1855 3106 cruces
1901 3047 2128 3118 aliaque
2173 3056 2510 3105 ornamenta
2552 3047 2745 3118 posita
2783 3056 2941 3118 sunt,

377 3131 556 3189 variis
602 3131 912 3208 coloribus,
982 3132 1131 3208 albo,
1200 3134 1381 3206 nigro,
1451 3142 1740 3206 argente0‚
1811 3152 2009 3210 aureo,
2053 3132 2228 3203 picta.
2320 3129 2620 3191 Gravioris
2664 3132 2940 3190 momenti

377 3215 575 3292 verba,
622 3225 739 3276 tam
783 3217 1010 3290 singula
1052 3238 1225 3289 quam
1268 3218 1435 3289 plura
1479 3238 1756 3292 connexa,
1801 3237 1974 3290 saepe
2005 3216 2222 3275 litteris
2254 3218 2447 3276 aureis
2479 3216 2754 3288 insignita
2785 3226 2942 3293 sunt,

376 3322 430 3361 v.
479 3323 529 3361 c.
576 3301 791 3363 Matth.
843 3306 943 3379 27,
993 3310 1067 3362 35
1119 3303 1243 3377 (fol.
1284 3311 1359 3363 59
1410 3311 1488 3372 r.)
1535 3304 2066 3362 crucifixerunt
2099 3322 2296 3400 eum,
2341 3301 2524 3361 Marc.
2567 3307 2661 3378 15
2712 3306 2810 3362 24.
2863 3308 2937 3359 25

380 3387 507 3461 (fol.
559 3393 629 3446 91
683 3396 770 3460 v.)
820 3399 889 3447 et
933 3389 1448 3461 crucifigentes
1494 3409 1673 3452 eum
1719 3371 2250 3448 crucifixerunt
2294 3406 2473 3462 eum,
2520 3385 2662 3447 Luc.
2715 3394 2813 3462 23,
2864 3393 2936 3445 33

380 3472 507 3545 (fol.
566 3477 676 3531 145
724 3479 811 3542 v.)
860 3473 957 3533 ibi
1003 3474 1536 3533 crucifixerunt
1580 3494 1774 3546 eum„
1822 3473 1962 3533 Luc.
2015 3478 2114 3546 24,
2166 3475 2196 3530 7
2250 3472 2375 3546 (fol.
2419 3475 2532 3530 147
2582 3479 2659 3545 r.)
2708 3471 2940 3530 filium
3025 3505 3034 3516 ·

379 3557 717 3632 hominis,
762 3558 903 3618 Luc.
957 3563 1057 3636 24,
1106 3565 1183 3617 52
1232 3559 1357 3632 (iol.
1402 3555 1604 3632 148¹l4
1650 3561 1728 3631 r.)
1776 3569 1847 3617 et
1892 3557 2262 3617 ferebatur
2306 3558 2374 3615 in
2420 3557 2714 3632 caelum,
2773 3555 2940 3615 Ioan.

386 3649 606 3720 19,18
658 3642 785 3716 (fol.
842 3649 954 3702 186
1002 3649 1089 3718 v.)
1136 3643 1252 3702 ubi
1299 3663 1456 3703 eum
1502 3637 2180 3714 crucifixeruntss).

483 3811 513 3859 ι>
544 3808 664 3855 Vide
690 3808 883 3860 Tab.1.
925 3810 1005 3855 ubi
1032 3809 1261 3855 facsimile
1299 3809 1425 3854 illius
1460 3808 1661 3860 paginae
1697 3808 1913 3853 omnibus
1948 3807 2093 3852 variis
2128 3809 2359 3853 coloribus
2394 3821 2661 3860 expressum
2696 3813 2764 3852 est
2794 3809 2942 3853 forma

377 3878 439 3922 ad
464 3877 516 3929 ’ln
542 3891 680 3923 verae
706 3877 1045 3928 magnitudinis
1073 3879 1173 3924 solii
1201 3876 1508 3922 deminutum.
1538 3897 1587 3904 —
1616 3874 1771 3920 Simili
1807 3875 1945 3921 modo
1981 3876 2060 3921 hic
2093 3888 2253 3920 versus
2296 3887 2469 3925 magna
2494 3876 2652 3920 littera
2677 3876 2848 3921 initiali
2875 3877 2942 3921 in-

375 3946 491 3998 cipit
516 3947 566 3991 in
593 3947 753 3991 codiee
772 3944 1160 3992 Lindissarniensi
1184 3944 1565 3991 *Durbamboolv
1598 3948 1777 3994 vocato.
1803 3944 1856 3989 in
1882 3942 2045 3989 Museo
2070 3942 2343 3989 Britannico
2361 3941 2660 3989 Londiniensi
2688 3949 2939 3994 mervato.

376 4019 596 4066 quattuor
620 4015 866 4065 evangelia
894 4014 1213 4059 translationis
1240 4014 1474 4064 Vulgatae
1502 4012 1701 4057 Latinae
1727 4017 1776 4057 et
1800 4012 2119 4058 translationis
2145 4010 2536 4057 Northumbricae
2563 4012 2843 4057 continente.

486 4081 520 4134 ²)
554 4082 817 4134 -cwitula-
849 4087 893 4126 et
926 4082 1150 4132 rbi-eves«.
1180 4081 1227 4126 in
1257 4082 1414 4127 codice
1442 4082 1645 4126 numeris
1672 4079 1919 4132 Romanis.
1948 4081 1999 4125 in
2025 4079 2242 4132 editione.
2269 4094 2328 4125 ne
2355 4080 2494 4125 nimis
2520 4081 2661 4133 spatii
2684 4082 2941 4133 explerent.

378 4151 582 4195 numeris
610 4150 794 4195 usitatis
814 4148 1066 4201 (Arabicis)
1085 4150 1268 4201 signata
1282 4153 1412 4199 sunt:
1446 4150 1651 4194 ·breves·
1684 4153 1924 4201 praeterea
1954 4148 2059 4194 »Br-
2082 4148 2232 4193 notati
2249 4153 2370 4198 sunt.
2391 4149 2675 4194 confusionis
2690 4148 2940 4193 evitandae

377 4232 533 4263 causa.
562 4240 611 4247 —
640 4217 1051 4270 supervacaneum
1078 4232 1189 4263 vero
1215 4223 1285 4263 est
1312 4218 1390 4262 hic
1417 4230 1791 4269 commemorare,
1820 4230 2037 4262 numeros
2062 4221 2110 4260 et
2135 4216 2269 4266 signa
2296 4217 2606 4268 capitulorum
2635 4229 2940 4268 versuumque

374 4286 634 4332 Bibliorum
670 4292 928 4332 nostrorum
962 4286 1286 4336 recentiorum.
1323 4285 1683 4337 opportunitatis
1719 4297 1862 4329 causa
1888 4284 1935 4328 in
1963 4283 2167 4329 editione
2192 4284 2333 4328 huius
2369 4283 2543 4328 codicis
2577 4297 2810 4336 expressa.
2846 4296 2937 4328 non

376 4356 425 4399 in
442 4355 612 4412 ,codiee
639 4355 738 4407 ipso
765 4356 978 4400 inveniri.
1035 4353 1229 4399 Numeri
1256 4355 1471 4400 soliorum
1499 4354 1545 4397 in
1574 4354 1733 4398 codiee
1761 4356 1902 4397 aetate
1929 4356 2087 4397 nostra
2114 4351 2316 4403 adpositi
2341 4355 2464 4396 sunt.

476 4423 508 4471 ⁸)
539 4422 657 4468 Vide
685 4424 916 4468 sacsimile
943 4424 1058 4469 Tab.
1090 4423 1161 4468 IV
1190 4422 1244 4466 B.

476 4489 510 4538 ⁴)
540 4488 660 4534 Vide
688 4491 917 4537 saceimile
944 4491 1058 4537 Tab.
1090 4489 1135 4535 V
1162 4489 1216 4534 B.

475 4557 508 4610 5)
538 4556 659 4602 Vide
687 4558 917 4604 faceimile
944 4559 1062 4604 Tab.
1094 4558 1137 4602 V
1166 4557 1223 4601 A.

475 4624 509 4678 ‘)
538 4624 670 4671 Haec
694 4639 867 4677 magna
892 4627 1075 4674 scribae
1102 4638 1228 4676 cura.
1257 4626 1305 4670 in
1332 4625 1618 4670 ornamentis
1636 4623 1809 4670 codicis
1827 4625 1993 4675 posita.
2022 4635 2166 4667 cauea
2193 4624 2282 4668 suit
2309 4625 2560 4668 multorum
2587 4621 2803 4671 lapsuum
2829 4620 2936 4664 scri-

377 4694 531 4746 bendi.
569 4707 765 4747 quorum
803 4695 1023 4746 permulti
1061 4694 1276 4745 inprimis
1315 4693 1363 4737 in
1403 4692 1528 4738 foliis
1566 4691 1874 4737 ornatissimis
1909 4692 2230 4742 inveniuntur.
2272 4703 2467 4743 quorum
2503 4701 2708 4735 errorum
2747 4689 2938 4741 plurimi
