<?xml version="1.0" encoding="UTF-8"?>
<!DOCTYPE html PUBLIC "-//W3C//DTD XHTML 1.0 Transitional//EN"
    "http://www.w3.org/TR/xhtml1/DTD/xhtml1-transitional.dtd">
<html xmlns="http://www.w3.org/1999/xhtml" xml:lang="en" lang="en">
 <head>
  <title>
</title>
<meta http-equiv="Content-Type" content="text/html;charset=utf-8" />
  <meta name='ocr-system' content='tesseract 3.04.00' />
  <meta name='ocr-capabilities' content='ocr_page ocr_carea ocr_par ocr_line ocrx_word'/>
</head>
<body>
  <div class='ocr_page' id='page_1' title='image "./codexaureussive00belsgoog_0379.png"; bbox 0 0 3634 5717; ppageno 0'>
   <div class='ocr_carea' id='block_1_1' title="bbox 375 658 663 725">
    <p class='ocr_par' dir='ltr' id='par_1_1' title="bbox 375 658 663 725">
     <span class='ocr_line' id='line_1_1' title="bbox 375 658 663 725; baseline -0.003 -2"><span class='ocrx_word' id='word_1_1' title='bbox 375 658 491 725; x_wconf 83' lang='lat' dir='ltr'>Fol</span> <span class='ocrx_word' id='word_1_2' title='bbox 548 660 663 724; x_wconf 73' lang='lat'>157</span> 
     </span>
    </p>
   </div>
   <div class='ocr_carea' id='block_1_2' title="bbox 580 862 1372 932">
    <p class='ocr_par' dir='ltr' id='par_1_2' title="bbox 580 862 1372 932">
     <span class='ocr_line' id='line_1_2' title="bbox 580 862 1372 932; baseline 0 -2"><span class='ocrx_word' id='word_1_3' title='bbox 580 862 824 930; x_wconf 74' lang='lat' dir='ltr'>adtulit</span> <span class='ocrx_word' id='word_1_4' title='bbox 866 864 930 932; x_wconf 91' lang='lat' dir='ltr'>ei</span> <span class='ocrx_word' id='word_1_5' title='bbox 975 863 1372 930; x_wconf 76' lang='lat' dir='ltr'>manducare</span> 
     </span>
    </p>
   </div>
   <div class='ocr_carea' id='block_1_3' title="bbox 407 1016 1440 1082">
    <p class='ocr_par' dir='ltr' id='par_1_3' title="bbox 407 1016 1440 1082">
     <span class='ocr_line' id='line_1_3' title="bbox 407 1016 1440 1082; baseline -0.002 0"><span class='ocrx_word' id='word_1_6' title='bbox 407 1016 493 1082; x_wconf 83' lang='lat'>34</span> <span class='ocrx_word' id='word_1_7' title='bbox 580 1016 743 1082; x_wconf 75' lang='lat' dir='ltr'>dicit</span> <span class='ocrx_word' id='word_1_8' title='bbox 786 1016 883 1082; x_wconf 87' lang='lat' dir='ltr'>eis</span> <span class='ocrx_word' id='word_1_9' title='bbox 926 1016 1032 1082; x_wconf 78' lang='lat' dir='ltr'>ihs</span> <span class='ocrx_word' id='word_1_10' title='bbox 1077 1035 1259 1082; x_wconf 85' lang='lat' dir='ltr'>meus</span> <span class='ocrx_word' id='word_1_11' title='bbox 1304 1023 1440 1081; x_wconf 89' lang='lat' dir='ltr'>«est</span> 
     </span>
    </p>
   </div>
   <div class='ocr_carea' id='block_1_4' title="bbox 576 1167 1466 4156">
    <p class='ocr_par' dir='ltr' id='par_1_4' title="bbox 576 1167 1458 2015">
     <span class='ocr_line' id='line_1_4' title="bbox 578 1167 1458 1235; baseline -0.001 -1"><span class='ocrx_word' id='word_1_12' title='bbox 578 1167 815 1235; x_wconf 76' lang='lat' dir='ltr'>«cibus.</span> <span class='ocrx_word' id='word_1_13' title='bbox 862 1175 932 1235; x_wconf 87' lang='lat' dir='ltr'>ut</span> <span class='ocrx_word' id='word_1_14' title='bbox 975 1168 1216 1235; x_wconf 66' lang='lat' dir='ltr'>faeiem</span> <span class='ocrx_word' id='word_1_15' title='bbox 1261 1169 1458 1235; x_wconf 85' lang='lat' dir='ltr'>uolun</span> 
     </span>
     <span class='ocr_line' id='line_1_5' title="bbox 576 1320 1332 1405; baseline -0.003 -18"><span class='ocrx_word' id='word_1_16' title='bbox 576 1326 714 1387; x_wconf 75' lang='lat' dir='ltr'>tate</span> <span class='ocrx_word' id='word_1_17' title='bbox 759 1320 900 1388; x_wconf 86' lang='lat' dir='ltr'>eius</span> <span class='ocrx_word' id='word_1_18' title='bbox 945 1322 1055 1405; x_wconf 85' lang='lat' dir='ltr'>qni</span> <span class='ocrx_word' id='word_1_19' title='bbox 1097 1341 1200 1386; x_wconf 91' lang='lat' dir='ltr'>me</span> <span class='ocrx_word' id='word_1_20' title='bbox 1246 1320 1332 1385; x_wconf 89' lang='lat' dir='ltr'>mi</span> 
     </span>
     <span class='ocr_line' id='line_1_6' title="bbox 578 1470 1295 1559; baseline -0.004 -20"><span class='ocrx_word' id='word_1_21' title='bbox 578 1472 667 1539; x_wconf 81' lang='lat' dir='ltr'>sit</span> <span class='ocrx_word' id='word_1_22' title='bbox 709 1479 777 1540; x_wconf 86' lang='lat' dir='ltr'>et</span> <span class='ocrx_word' id='word_1_23' title='bbox 818 1480 889 1540; x_wconf 84' lang='lat' dir='ltr'>ut</span> <span class='ocrx_word' id='word_1_24' title='bbox 934 1470 1210 1559; x_wconf 66' lang='lat' dir='ltr'>p’fieiam</span> <span class='ocrx_word' id='word_1_25' title='bbox 1260 1495 1295 1536; x_wconf 80' lang='lat' dir='ltr'>n</span> 
     </span>
     <span class='ocr_line' id='line_1_7' title="bbox 578 1618 1312 1711; baseline 0 -19"><span class='ocrx_word' id='word_1_26' title='bbox 578 1645 700 1711; x_wconf 85' lang='lat' dir='ltr'>pus</span> <span class='ocrx_word' id='word_1_27' title='bbox 745 1618 896 1693; x_wconf 70' lang='lat' dir='ltr'>eius&#39;</span> <span class='ocrx_word' id='word_1_28' title='bbox 930 1646 1148 1695; x_wconf 87' lang='lat' dir='ltr'>nonne</span> <span class='ocrx_word' id='word_1_29' title='bbox 1194 1645 1312 1693; x_wconf 87' lang='lat' dir='ltr'>nos</span> 
     </span>
     <span class='ocr_line' id='line_1_8' title="bbox 578 1777 1274 1862; baseline 0.003 -19"><span class='ocrx_word' id='word_1_30' title='bbox 578 1777 799 1844; x_wconf 78' lang='lat' dir='ltr'>dicitis</span> <span class='ocrx_word' id='word_1_31' title='bbox 845 1778 1018 1862; x_wconf 85' lang='lat' dir='ltr'><strong>quod</strong></span> <span class='ocrx_word' id='word_1_32' title='bbox 1058 1777 1274 1846; x_wconf 76' lang='lat' dir='ltr'>adhue</span> 
     </span>
     <span class='ocr_line' id='line_1_9' title="bbox 577 1937 1183 2015; baseline -0.002 -18"><span class='ocrx_word' id='word_1_33' title='bbox 577 1937 880 2015; x_wconf 76' lang='lat' dir='ltr'><strong>quattuor</strong></span> <span class='ocrx_word' id='word_1_34' title='bbox 925 1951 1183 1997; x_wconf 88' lang='lat' dir='ltr'>menses</span> 
     </span>
    </p>

    <p class='ocr_par' dir='ltr' id='par_1_5' title="bbox 576 2049 1353 2456">
     <span class='ocr_line' id='line_1_10' title="bbox 576 2049 1337 2151; baseline 0 -4"><span class='ocrx_word' id='word_1_35' title='bbox 576 2090 728 2148; x_wconf 86' lang='lat' dir='ltr'>sunt</span> <span class='ocrx_word' id='word_1_36' title='bbox 772 2089 839 2149; x_wconf 83' lang='lat' dir='ltr'>et</span> <span class='ocrx_word' id='word_1_37' title='bbox 878 2083 1110 2150; x_wconf 89' lang='lat' dir='ltr'>messis</span> <span class='ocrx_word' id='word_1_38' title='bbox 1152 2049 1337 2151; x_wconf 76' lang='lat' dir='ltr'>uenit</span> 
     </span>
     <span class='ocr_line' id='line_1_11' title="bbox 577 2200 1353 2304; baseline 0 -2"><span class='ocrx_word' id='word_1_39' title='bbox 577 2255 728 2302; x_wconf 76' lang='lat' dir='ltr'>eece</span> <span class='ocrx_word' id='word_1_40' title='bbox 773 2234 922 2302; x_wconf 80' lang='lat' dir='ltr'>dico</span> <span class='ocrx_word' id='word_1_41' title='bbox 968 2200 1155 2303; x_wconf 75' lang='lat' dir='ltr'>uobis</span> <span class='ocrx_word' id='word_1_42' title='bbox 1200 2237 1353 2304; x_wconf 76' lang='lat' dir='ltr'>leva</span> 
     </span>
     <span class='ocr_line' id='line_1_12' title="bbox 577 2388 1211 2456; baseline 0.002 -3"><span class='ocrx_word' id='word_1_43' title='bbox 577 2394 642 2453; x_wconf 83' lang='lat' dir='ltr'>te</span> <span class='ocrx_word' id='word_1_44' title='bbox 688 2388 910 2455; x_wconf 87' lang='lat' dir='ltr'>oeulos</span> <span class='ocrx_word' id='word_1_45' title='bbox 959 2396 1211 2456; x_wconf 85' lang='lat' dir='ltr'>uestros</span> 
     </span>
    </p>

    <p class='ocr_par' dir='ltr' id='par_1_6' title="bbox 579 2540 1255 2626">
     <span class='ocr_line' id='line_1_13' title="bbox 579 2540 1255 2626; baseline 0.001 -19"><span class='ocrx_word' id='word_1_46' title='bbox 579 2548 646 2607; x_wconf 82' lang='lat' dir='ltr'>et</span> <span class='ocrx_word' id='word_1_47' title='bbox 685 2540 904 2609; x_wconf 82' lang='lat' dir='ltr'>uidete</span> <span class='ocrx_word' id='word_1_48' title='bbox 949 2541 1255 2626; x_wconf 79' lang='lat' dir='ltr'>regiones</span> 
     </span>
    </p>

    <p class='ocr_par' dir='ltr' id='par_1_7' title="bbox 578 2690 1407 3236">
     <span class='ocr_line' id='line_1_14' title="bbox 580 2690 1407 2777; baseline -0.002 -18"><span class='ocrx_word' id='word_1_49' title='bbox 580 2692 735 2777; x_wconf 79' lang='lat' dir='ltr'>quia</span> <span class='ocrx_word' id='word_1_50' title='bbox 780 2693 972 2761; x_wconf 77' lang='lat' dir='ltr'>alnae</span> <span class='ocrx_word' id='word_1_51' title='bbox 1017 2701 1169 2761; x_wconf 81' lang='lat' dir='ltr'>sunt</span> <span class='ocrx_word' id='word_1_52' title='bbox 1216 2695 1281 2759; x_wconf 63' lang='lat' dir='ltr'>is</span> <span class='ocrx_word' id='word_1_53' title='bbox 1324 2690 1407 2758; x_wconf 81' lang='lat' dir='ltr'>ad</span> 
     </span>
     <span class='ocr_line' id='line_1_15' title="bbox 579 2845 1352 2931; baseline -0.001 -19"><span class='ocrx_word' id='word_1_54' title='bbox 579 2865 857 2912; x_wconf 78' lang='lat' dir='ltr'>messem</span> <span class='ocrx_word' id='word_1_55' title='bbox 902 2854 969 2913; x_wconf 87' lang='lat' dir='ltr'>et</span> <span class='ocrx_word' id='word_1_56' title='bbox 1008 2847 1119 2931; x_wconf 85' lang='lat' dir='ltr'>qui</span> <span class='ocrx_word' id='word_1_57' title='bbox 1165 2845 1352 2912; x_wconf 86' lang='lat' dir='ltr'>metit</span> 
     </span>
     <span class='ocr_line' id='line_1_16' title="bbox 578 2998 1275 3082; baseline -0.001 -19"><span class='ocrx_word' id='word_1_58' title='bbox 578 2998 879 3066; x_wconf 72' lang='lat' dir='ltr'>mercede</span> <span class='ocrx_word' id='word_1_59' title='bbox 925 2998 1169 3082; x_wconf 75' lang='lat' dir='ltr'>accipit</span> <span class='ocrx_word' id='word_1_60' title='bbox 1209 3005 1275 3065; x_wconf 90' lang='lat' dir='ltr'>et</span> 
     </span>
     <span class='ocr_line' id='line_1_17' title="bbox 579 3152 1195 3236; baseline -0.003 -20"><span class='ocrx_word' id='word_1_61' title='bbox 579 3158 944 3236; x_wconf 79' lang='lat' dir='ltr'>congregat</span> <span class='ocrx_word' id='word_1_62' title='bbox 985 3152 1195 3218; x_wconf 76' lang='lat' dir='ltr'>fruetfi</span> 
     </span>
    </p>

    <p class='ocr_par' dir='ltr' id='par_1_8' title="bbox 579 3301 1253 3371">
     <span class='ocr_line' id='line_1_18' title="bbox 579 3301 1253 3371; baseline 0.004 -5"><span class='ocrx_word' id='word_1_63' title='bbox 579 3301 645 3368; x_wconf 84' lang='lat' dir='ltr'>in</span> <span class='ocrx_word' id='word_1_64' title='bbox 691 3303 894 3370; x_wconf 77' lang='lat' dir='ltr'>uitam</span> <span class='ocrx_word' id='word_1_65' title='bbox 941 3311 1253 3371; x_wconf 80' lang='lat' dir='ltr'>aeternam</span> 
     </span>
    </p>

    <p class='ocr_par' dir='ltr' id='par_1_9' title="bbox 577 3455 1466 4156">
     <span class='ocr_line' id='line_1_19' title="bbox 578 3455 1332 3540; baseline -0.003 -19"><span class='ocrx_word' id='word_1_66' title='bbox 578 3462 649 3522; x_wconf 85' lang='lat' dir='ltr'>nt</span> <span class='ocrx_word' id='word_1_67' title='bbox 686 3463 754 3523; x_wconf 87' lang='lat' dir='ltr'>et</span> <span class='ocrx_word' id='word_1_68' title='bbox 798 3457 909 3540; x_wconf 81' lang='lat' dir='ltr'>qui</span> <span class='ocrx_word' id='word_1_69' title='bbox 947 3458 1232 3524; x_wconf 78' lang='lat' dir='ltr'>seminat</span> <span class='ocrx_word' id='word_1_70' title='bbox 1276 3455 1332 3519; x_wconf 91' lang='lat' dir='ltr'>si</span> 
     </span>
     <span class='ocr_line' id='line_1_20' title="bbox 579 3607 1455 3693; baseline -0.001 -20"><span class='ocrx_word' id='word_1_71' title='bbox 579 3607 710 3674; x_wconf 86' lang='lat' dir='ltr'>mul</span> <span class='ocrx_word' id='word_1_72' title='bbox 751 3609 1043 3693; x_wconf 77' lang='lat' dir='ltr'>gaudeat</span> <span class='ocrx_word' id='word_1_73' title='bbox 1084 3619 1149 3676; x_wconf 81' lang='lat' dir='ltr'>et</span> <span class='ocrx_word' id='word_1_74' title='bbox 1195 3607 1305 3692; x_wconf 80' lang='lat' dir='ltr'>qui</span> <span class='ocrx_word' id='word_1_75' title='bbox 1351 3627 1455 3672; x_wconf 91' lang='lat' dir='ltr'>me</span> 
     </span>
     <span class='ocr_line' id='line_1_21' title="bbox 579 3759 1466 3829; baseline 0 -5"><span class='ocrx_word' id='word_1_76' title='bbox 579 3759 660 3826; x_wconf 86' lang='lat' dir='ltr'>tit</span> <span class='ocrx_word' id='word_1_77' title='bbox 702 3760 768 3826; x_wconf 88' lang='lat' dir='ltr'>in</span> <span class='ocrx_word' id='word_1_78' title='bbox 815 3760 942 3828; x_wconf 82' lang='lat' dir='ltr'>hoe</span> <span class='ocrx_word' id='word_1_79' title='bbox 986 3768 1088 3828; x_wconf 86' lang='lat' dir='ltr'>est</span> <span class='ocrx_word' id='word_1_80' title='bbox 1128 3760 1303 3829; x_wconf 89' lang='lat' dir='ltr'>enim</span> <span class='ocrx_word' id='word_1_81' title='bbox 1349 3779 1466 3825; x_wconf 86' lang='lat' dir='ltr'>uer</span> 
     </span>
     <span class='ocr_line' id='line_1_22' title="bbox 578 3913 1349 3997; baseline -0.003 -18"><span class='ocrx_word' id='word_1_82' title='bbox 578 3913 666 3979; x_wconf 80' lang='lat' dir='ltr'>bfi</span> <span class='ocrx_word' id='word_1_83' title='bbox 714 3913 1015 3981; x_wconf 80' lang='lat' dir='ltr'>ueritatis</span> <span class='ocrx_word' id='word_1_84' title='bbox 1060 3913 1216 3997; x_wconf 79' lang='lat' dir='ltr'>quia</span> <span class='ocrx_word' id='word_1_85' title='bbox 1261 3913 1349 3979; x_wconf 77' lang='lat' dir='ltr'>ali</span> 
     </span>
     <span class='ocr_line' id='line_1_23' title="bbox 577 4066 1398 4156; baseline 0 -25"><span class='ocrx_word' id='word_1_86' title='bbox 577 4085 654 4132; x_wconf 86' lang='lat' dir='ltr'>us</span> <span class='ocrx_word' id='word_1_87' title='bbox 699 4073 801 4134; x_wconf 86' lang='lat' dir='ltr'>est</span> <span class='ocrx_word' id='word_1_88' title='bbox 846 4067 955 4150; x_wconf 88' lang='lat' dir='ltr'>qui</span> <span class='ocrx_word' id='word_1_89' title='bbox 1001 4066 1287 4156; x_wconf 77' lang='lat' dir='ltr'>seminat</span> <span class='ocrx_word' id='word_1_90' title='bbox 1331 4072 1398 4131; x_wconf 85' lang='lat' dir='ltr'>et</span> 
     </span>
    </p>
   </div>
   <div class='ocr_carea' id='block_1_5' title="bbox 577 4216 1276 4301">
    <p class='ocr_par' dir='ltr' id='par_1_10' title="bbox 577 4216 1276 4301">
     <span class='ocr_line' id='line_1_24' title="bbox 577 4216 1276 4301; baseline 0 -18"><span class='ocrx_word' id='word_1_91' title='bbox 577 4216 746 4284; x_wconf 79' lang='lat' dir='ltr'>alius</span> <span class='ocrx_word' id='word_1_92' title='bbox 792 4225 892 4284; x_wconf 87' lang='lat' dir='ltr'>est</span> <span class='ocrx_word' id='word_1_93' title='bbox 936 4218 1044 4301; x_wconf 81' lang='lat' dir='ltr'>qui</span> <span class='ocrx_word' id='word_1_94' title='bbox 1090 4217 1276 4284; x_wconf 84' lang='lat' dir='ltr'>metit</span> 
     </span>
    </p>
   </div>
   <div class='ocr_carea' id='block_1_6' title="bbox 1495 655 1794 723">
    <p class='ocr_par' dir='ltr' id='par_1_11' title="bbox 1495 655 1794 723">
     <span class='ocr_line' id='line_1_25' title="bbox 1495 655 1794 723; baseline 0.003 -2"><span class='ocrx_word' id='word_1_95' title='bbox 1495 655 1794 723; x_wconf 83' lang='lat' dir='ltr'><strong>lohc4</strong></span> 
     </span>
    </p>
   </div>
   <div class='ocr_carea' id='block_1_7' title="bbox 1730 864 1837 943">
    <p class='ocr_par' dir='ltr' id='par_1_12' title="bbox 1730 864 1837 943">
     <span class='ocr_line' id='line_1_26' title="bbox 1730 864 1837 943; baseline 0.009 -16"><span class='ocrx_word' id='word_1_96' title='bbox 1730 864 1837 943; x_wconf 51' lang='lat'>38,</span> 
     </span>
    </p>
   </div>
   <div class='ocr_carea' id='block_1_8' title="bbox 1727 1625 1810 1690">
    <p class='ocr_par' dir='ltr' id='par_1_13' title="bbox 1727 1625 1810 1690">
     <span class='ocr_line' id='line_1_27' title="bbox 1727 1625 1810 1690; baseline 0.048 -4"><span class='ocrx_word' id='word_1_97' title='bbox 1727 1625 1810 1690; x_wconf 82' lang='lat'>39</span> 
     </span>
    </p>
   </div>
   <div class='ocr_carea' id='block_1_9' title="bbox 1721 2696 1809 2762">
    <p class='ocr_par' dir='ltr' id='par_1_14' title="bbox 1721 2696 1809 2762">
     <span class='ocr_line' id='line_1_28' title="bbox 1721 2696 1809 2762; baseline 0.011 -1"><span class='ocrx_word' id='word_1_98' title='bbox 1721 2696 1809 2762; x_wconf 88' lang='grc'>40</span> 
     </span>
    </p>
   </div>
   <div class='ocr_carea' id='block_1_10' title="bbox 1721 3462 1799 3526">
    <p class='ocr_par' dir='ltr' id='par_1_15' title="bbox 1721 3462 1799 3526">
     <span class='ocr_line' id='line_1_29' title="bbox 1721 3462 1799 3526; baseline 0.026 -2"><span class='ocrx_word' id='word_1_99' title='bbox 1721 3462 1799 3526; x_wconf 88' lang='grc'>41</span> 
     </span>
    </p>
   </div>
   <div class='ocr_carea' id='block_1_11' title="bbox 1729 3920 1814 3987">
    <p class='ocr_par' dir='ltr' id='par_1_16' title="bbox 1729 3920 1814 3987">
     <span class='ocr_line' id='line_1_30' title="bbox 1729 3920 1814 3987; baseline 0.024 -2"><span class='ocrx_word' id='word_1_100' title='bbox 1729 3920 1814 3987; x_wconf 82' lang='grc'>42</span> 
     </span>
    </p>
   </div>
   <div class='ocr_carea' id='block_1_12' title="bbox 1895 861 2747 3227">
    <p class='ocr_par' dir='ltr' id='par_1_17' title="bbox 1900 861 2602 948">
     <span class='ocr_line' id='line_1_31' title="bbox 1900 861 2602 948; baseline 0 -19"><span class='ocrx_word' id='word_1_101' title='bbox 1900 882 2026 948; x_wconf 80' lang='lat' dir='ltr'>ego</span> <span class='ocrx_word' id='word_1_102' title='bbox 2072 861 2223 929; x_wconf 86' lang='lat' dir='ltr'>misi</span> <span class='ocrx_word' id='word_1_103' title='bbox 2266 882 2383 928; x_wconf 87' lang='lat' dir='ltr'>uos</span> <span class='ocrx_word' id='word_1_104' title='bbox 2430 870 2602 929; x_wconf 89' lang='lat' dir='ltr'>mete</span> 
     </span>
    </p>

    <p class='ocr_par' dir='ltr' id='par_1_18' title="bbox 1901 1014 2747 1234">
     <span class='ocr_line' id='line_1_32' title="bbox 1902 1014 2747 1098; baseline -0.001 -19"><span class='ocrx_word' id='word_1_105' title='bbox 1902 1035 1972 1081; x_wconf 87' lang='lat' dir='ltr'>re</span> <span class='ocrx_word' id='word_1_106' title='bbox 2017 1015 2083 1081; x_wconf 88' lang='lat' dir='ltr'>in</span> <span class='ocrx_word' id='word_1_107' title='bbox 2132 1035 2259 1098; x_wconf 85' lang='lat' dir='ltr'>quo</span> <span class='ocrx_word' id='word_1_108' title='bbox 2306 1035 2432 1080; x_wconf 88' lang='lat' dir='ltr'>non</span> <span class='ocrx_word' id='word_1_109' title='bbox 2481 1014 2747 1080; x_wconf 77' lang='lat' dir='ltr'>laboras</span> 
     </span>
     <span class='ocr_line' id='line_1_33' title="bbox 1901 1166 2505 1234; baseline 0.003 -4"><span class='ocrx_word' id='word_1_110' title='bbox 1901 1166 1986 1233; x_wconf 90' lang='lat' dir='ltr'>tis</span> <span class='ocrx_word' id='word_1_111' title='bbox 2032 1166 2146 1233; x_wconf 83' lang='lat' dir='ltr'>alii</span> <span class='ocrx_word' id='word_1_112' title='bbox 2191 1168 2505 1234; x_wconf 79' lang='lat' dir='ltr'>laboraue</span> 
     </span>
    </p>

    <p class='ocr_par' dir='ltr' id='par_1_19' title="bbox 1900 1318 2631 1540">
     <span class='ocr_line' id='line_1_34' title="bbox 1901 1318 2631 1386; baseline -0.001 -1"><span class='ocrx_word' id='word_1_113' title='bbox 1901 1328 2051 1385; x_wconf 82' lang='lat' dir='ltr'>runt</span> <span class='ocrx_word' id='word_1_114' title='bbox 2094 1326 2162 1386; x_wconf 84' lang='lat' dir='ltr'>et</span> <span class='ocrx_word' id='word_1_115' title='bbox 2204 1339 2321 1386; x_wconf 86' lang='lat' dir='ltr'>uos</span> <span class='ocrx_word' id='word_1_116' title='bbox 2366 1318 2432 1383; x_wconf 89' lang='lat' dir='ltr'>in</span> <span class='ocrx_word' id='word_1_117' title='bbox 2480 1318 2631 1385; x_wconf 78' lang='lat' dir='ltr'>labo</span> 
     </span>
     <span class='ocr_line' id='line_1_35' title="bbox 1900 1470 2578 1540; baseline -0.001 -3"><span class='ocrx_word' id='word_1_118' title='bbox 1900 1492 2006 1540; x_wconf 83' lang='lat' dir='ltr'>res</span> <span class='ocrx_word' id='word_1_119' title='bbox 2051 1474 2210 1539; x_wconf 80' lang='lat' dir='ltr'>eorfi</span> <span class='ocrx_word' id='word_1_120' title='bbox 2256 1470 2578 1538; x_wconf 81' lang='lat' dir='ltr'>introistis</span> 
     </span>
    </p>

    <p class='ocr_par' dir='ltr' id='par_1_20' title="bbox 1898 1624 2652 1845">
     <span class='ocr_line' id='line_1_36' title="bbox 1899 1624 2652 1692; baseline -0.004 0"><span class='ocrx_word' id='word_1_121' title='bbox 1899 1646 1981 1692; x_wconf 82' lang='lat' dir='ltr'>ex</span> <span class='ocrx_word' id='word_1_122' title='bbox 2021 1624 2291 1692; x_wconf 78' lang='lat' dir='ltr'>eiuitate</span> <span class='ocrx_word' id='word_1_123' title='bbox 2337 1630 2486 1691; x_wconf 75' lang='lat' dir='ltr'>aute</span> <span class='ocrx_word' id='word_1_124' title='bbox 2535 1624 2652 1690; x_wconf 81' lang='lat' dir='ltr'>ina</span> 
     </span>
     <span class='ocr_line' id='line_1_37' title="bbox 1898 1776 2549 1845; baseline 0 -3"><span class='ocrx_word' id='word_1_125' title='bbox 1898 1777 2084 1844; x_wconf 88' lang='lat' dir='ltr'>multi</span> <span class='ocrx_word' id='word_1_126' title='bbox 2131 1776 2549 1845; x_wconf 83' lang='lat' dir='ltr'>erediderunt</span> 
     </span>
    </p>

    <p class='ocr_par' dir='ltr' id='par_1_21' title="bbox 1898 1930 2623 2303">
     <span class='ocr_line' id='line_1_38' title="bbox 1898 1930 2623 1997; baseline -0.001 -1"><span class='ocrx_word' id='word_1_127' title='bbox 1898 1931 1964 1996; x_wconf 89' lang='lat' dir='ltr'>in</span> <span class='ocrx_word' id='word_1_128' title='bbox 2015 1932 2097 1997; x_wconf 79' lang='lat' dir='ltr'>efi</span> <span class='ocrx_word' id='word_1_129' title='bbox 2142 1930 2623 1997; x_wconf 52' lang='lat' dir='ltr'>samaritano&amp;</span> 
     </span>
     <span class='ocr_line' id='line_1_39' title="bbox 1898 2083 2477 2169; baseline -0.003 -20"><span class='ocrx_word' id='word_1_130' title='bbox 1898 2091 2168 2169; x_wconf 86' lang='lat' dir='ltr'>propter</span> <span class='ocrx_word' id='word_1_131' title='bbox 2209 2083 2477 2149; x_wconf 86' lang='lat' dir='ltr'>uerbum</span> 
     </span>
     <span class='ocr_line' id='line_1_40' title="bbox 1899 2234 2569 2303; baseline -0.004 -2"><span class='ocrx_word' id='word_1_132' title='bbox 1899 2235 2189 2303; x_wconf 86' lang='lat' dir='ltr'>mulieris</span> <span class='ocrx_word' id='word_1_133' title='bbox 2235 2234 2569 2301; x_wconf 85' lang='lat' dir='ltr'>testimoni</span> 
     </span>
    </p>

    <p class='ocr_par' dir='ltr' id='par_1_22' title="bbox 1895 2384 2729 3083">
     <span class='ocr_line' id='line_1_41' title="bbox 1898 2384 2660 2473; baseline -0.007 -18"><span class='ocrx_word' id='word_1_134' title='bbox 1898 2409 2004 2455; x_wconf 88' lang='lat' dir='ltr'>um</span> <span class='ocrx_word' id='word_1_135' title='bbox 2051 2386 2459 2473; x_wconf 87' lang='lat' dir='ltr'>perhibentis</span> <span class='ocrx_word' id='word_1_136' title='bbox 2506 2384 2660 2468; x_wconf 83' lang='lat' dir='ltr'>quia</span> 
     </span>
     <span class='ocr_line' id='line_1_42' title="bbox 1899 2538 2729 2619; baseline -0.008 -11"><span class='ocrx_word' id='word_1_137' title='bbox 1899 2540 2069 2608; x_wconf 84' lang='lat' dir='ltr'>dixit</span> <span class='ocrx_word' id='word_1_138' title='bbox 2113 2539 2273 2607; x_wconf 90' lang='lat' dir='ltr'>mihi</span> <span class='ocrx_word' id='word_1_139' title='bbox 2321 2538 2542 2605; x_wconf 82' lang='lat' dir='ltr'>omnia</span> <span class='ocrx_word' id='word_1_140' title='bbox 2586 2555 2729 2619; x_wconf 71' lang='lat' dir='ltr'>quae</span> 
     </span>
     <span class='ocr_line' id='line_1_43' title="bbox 1895 2646 2568 2779; baseline -0.009 -18"><span class='ocrx_word' id='word_1_141' title='bbox 1895 2695 2037 2779; x_wconf 78' lang='lat' dir='ltr'>efiq&#39;</span> <span class='ocrx_word' id='word_1_142' title='bbox 2082 2694 2208 2760; x_wconf 83' lang='lat' dir='ltr'>feei</span> <span class='ocrx_word' id='word_1_143' title='bbox 2254 2702 2334 2760; x_wconf 72' lang='grc' dir='ltr'>οὐ</span> <span class='ocrx_word' id='word_1_144' title='bbox 2381 2646 2568 2758; x_wconf 80' lang='lat' dir='ltr'>uenis</span> 
     </span>
     <span class='ocr_line' id='line_1_44' title="bbox 1897 2843 2669 2931; baseline -0.01 -18"><span class='ocrx_word' id='word_1_145' title='bbox 1897 2853 2046 2913; x_wconf 84' lang='lat' dir='ltr'>seut</span> <span class='ocrx_word' id='word_1_146' title='bbox 2088 2866 2247 2931; x_wconf 79' lang='lat' dir='ltr'>ergo</span> <span class='ocrx_word' id='word_1_147' title='bbox 2293 2845 2378 2913; x_wconf 76' lang='lat' dir='ltr'>ad</span> <span class='ocrx_word' id='word_1_148' title='bbox 2426 2843 2544 2909; x_wconf 74' lang='lat' dir='ltr'>inti</span> <span class='ocrx_word' id='word_1_149' title='bbox 2591 2860 2669 2907; x_wconf 83' lang='lat' dir='ltr'>sa</span> 
     </span>
     <span class='ocr_line' id='line_1_45' title="bbox 1898 3000 2494 3083; baseline -0.003 -18"><span class='ocrx_word' id='word_1_150' title='bbox 1898 3000 2205 3067; x_wconf 78' lang='lat' dir='ltr'>maritani</span> <span class='ocrx_word' id='word_1_151' title='bbox 2249 3017 2494 3083; x_wconf 83' lang='lat' dir='ltr'>rogaue</span> 
     </span>
    </p>

    <p class='ocr_par' dir='ltr' id='par_1_23' title="bbox 1898 3149 2722 3227">
     <span class='ocr_line' id='line_1_46' title="bbox 1898 3149 2722 3227; baseline -0.007 -7"><span class='ocrx_word' id='word_1_152' title='bbox 1898 3160 2048 3220; x_wconf 85' lang='lat' dir='ltr'>runt</span> <span class='ocrx_word' id='word_1_153' title='bbox 2092 3172 2238 3227; x_wconf 78' lang='lat' dir='ltr'>eum</span> <span class='ocrx_word' id='word_1_154' title='bbox 2276 3158 2346 3217; x_wconf 90' lang='lat' dir='ltr'>ut</span> <span class='ocrx_word' id='word_1_155' title='bbox 2391 3149 2481 3215; x_wconf 91' lang='lat' dir='ltr'>ibi</span> <span class='ocrx_word' id='word_1_156' title='bbox 2528 3166 2722 3214; x_wconf 77' lang='lat' dir='ltr'>mane</span> 
     </span>
    </p>
   </div>
   <div class='ocr_carea' id='block_1_13' title="bbox 1898 3300 2731 3373">
    <p class='ocr_par' dir='ltr' id='par_1_24' title="bbox 1898 3300 2731 3373">
     <span class='ocr_line' id='line_1_47' title="bbox 1898 3300 2731 3373; baseline -0.008 -2"><span class='ocrx_word' id='word_1_157' title='bbox 1898 3314 1998 3373; x_wconf 82' lang='lat' dir='ltr'>ret</span> <span class='ocrx_word' id='word_1_158' title='bbox 2038 3313 2104 3371; x_wconf 87' lang='lat' dir='ltr'>et</span> <span class='ocrx_word' id='word_1_159' title='bbox 2148 3303 2391 3369; x_wconf 81' lang='lat' dir='ltr'>mansit</span> <span class='ocrx_word' id='word_1_160' title='bbox 2431 3301 2521 3367; x_wconf 91' lang='lat' dir='ltr'>ibi</span> <span class='ocrx_word' id='word_1_161' title='bbox 2568 3300 2731 3365; x_wconf 86' lang='lat' dir='ltr'>duos</span> 
     </span>
    </p>
   </div>
   <div class='ocr_carea' id='block_1_14' title="bbox 1896 3455 2665 3538">
    <p class='ocr_par' dir='ltr' id='par_1_25' title="bbox 1896 3455 2665 3538">
     <span class='ocr_line' id='line_1_48' title="bbox 1896 3455 2665 3538; baseline -0.007 -16"><span class='ocrx_word' id='word_1_162' title='bbox 1896 3457 2041 3524; x_wconf 87' lang='lat' dir='ltr'>dies</span> <span class='ocrx_word' id='word_1_163' title='bbox 2087 3463 2155 3523; x_wconf 81' lang='lat' dir='ltr'>et</span> <span class='ocrx_word' id='word_1_164' title='bbox 2200 3456 2401 3521; x_wconf 89' lang='lat' dir='ltr'>multo</span> <span class='ocrx_word' id='word_1_165' title='bbox 2448 3455 2665 3538; x_wconf 86' lang='lat' dir='ltr'>plures</span> 
     </span>
    </p>
   </div>
   <div class='ocr_carea' id='block_1_15' title="bbox 1900 3608 2765 4304">
    <p class='ocr_par' dir='ltr' id='par_1_26' title="bbox 1901 3608 2530 3690">
     <span class='ocr_line' id='line_1_49' title="bbox 1901 3608 2530 3690; baseline -0.011 -15"><span class='ocrx_word' id='word_1_166' title='bbox 1901 3608 2321 3675; x_wconf 84' lang='lat' dir='ltr'>erediderunt</span> <span class='ocrx_word' id='word_1_167' title='bbox 2364 3625 2530 3690; x_wconf 82' lang='lat' dir='ltr'><strong>prop</strong></span> 
     </span>
    </p>

    <p class='ocr_par' dir='ltr' id='par_1_27' title="bbox 1900 3757 2765 4304">
     <span class='ocr_line' id='line_1_50' title="bbox 1903 3757 2533 3828; baseline -0.006 0"><span class='ocrx_word' id='word_1_168' title='bbox 1903 3769 2001 3828; x_wconf 82' lang='lat' dir='ltr'>ter</span> <span class='ocrx_word' id='word_1_169' title='bbox 2045 3765 2345 3828; x_wconf 71' lang='lat' dir='ltr'>sermone</span> <span class='ocrx_word' id='word_1_170' title='bbox 2392 3757 2533 3825; x_wconf 83' lang='lat' dir='ltr'>eius</span> 
     </span>
     <span class='ocr_line' id='line_1_51' title="bbox 1900 3909 2755 3981; baseline -0.008 -2"><span class='ocrx_word' id='word_1_171' title='bbox 1900 3913 2155 3981; x_wconf 87' lang='lat' dir='ltr'>mulieri</span> <span class='ocrx_word' id='word_1_172' title='bbox 2204 3917 2355 3979; x_wconf 76' lang='lat' dir='ltr'>aute</span> <span class='ocrx_word' id='word_1_173' title='bbox 2399 3909 2708 3977; x_wconf 82' lang='lat' dir='ltr'>dicebant</span> <span class='ocrx_word' id='word_1_174' title='bbox 2742 3974 2755 3981; x_wconf 72' lang='grc'><em>,</em></span> 
     </span>
     <span class='ocr_line' id='line_1_52' title="bbox 1902 4060 2765 4150; baseline -0.013 -15"><span class='ocrx_word' id='word_1_175' title='bbox 1902 4067 2058 4150; x_wconf 77' lang='lat' dir='ltr'>quia</span> <span class='ocrx_word' id='word_1_176' title='bbox 2099 4065 2167 4133; x_wconf 60' lang='lat' dir='ltr'>is</span> <span class='ocrx_word' id='word_1_177' title='bbox 2214 4086 2340 4132; x_wconf 87' lang='lat' dir='ltr'>non</span> <span class='ocrx_word' id='word_1_178' title='bbox 2391 4083 2505 4148; x_wconf 71' lang='lat' dir='ltr'>pei·</span> <span class='ocrx_word' id='word_1_179' title='bbox 2551 4066 2664 4128; x_wconf 64' lang='lat' dir='ltr'>tufi</span> <span class='ocrx_word' id='word_1_180' title='bbox 2701 4060 2765 4124; x_wconf 89' lang='lat' dir='ltr'>lo</span> 
     </span>
     <span class='ocr_line' id='line_1_53' title="bbox 1902 4213 2664 4304; baseline -0.01 -17"><span class='ocrx_word' id='word_1_181' title='bbox 1902 4220 2122 4304; x_wconf 63' lang='lat' dir='ltr'>quelli</span> <span class='ocrx_word' id='word_1_182' title='bbox 2163 4217 2489 4287; x_wconf 85' lang='lat' dir='ltr'>eredimus</span> <span class='ocrx_word' id='word_1_183' title='bbox 2534 4213 2664 4299; x_wconf 88' lang='lat' dir='ltr'>ipsi</span> 
     </span>
    </p>
   </div>
   <div class='ocr_carea' id='block_1_16' title="bbox 1900 4372 2420 4437">
    <p class='ocr_par' dir='ltr' id='par_1_28' title="bbox 1900 4372 2420 4437">
     <span class='ocr_line' id='line_1_54' title="bbox 1900 4372 2420 4437; baseline -0.008 -1"><span class='ocrx_word' id='word_1_184' title='bbox 1900 4383 2006 4436; x_wconf 82' lang='lat' dir='ltr'>eni</span> <span class='ocrx_word' id='word_1_185' title='bbox 2051 4372 2420 4437; x_wconf 74' lang='lat' dir='ltr'>audiuimus</span> 
     </span>
    </p>
   </div>
   <div class='ocr_carea' id='block_1_17' title="bbox 2791 659 2916 723">
    <p class='ocr_par' dir='ltr' id='par_1_29' title="bbox 2791 659 2916 723">
     <span class='ocr_line' id='line_1_55' title="bbox 2791 659 2916 723; baseline 0 0"><span class='ocrx_word' id='word_1_186' title='bbox 2791 659 2916 723; x_wconf 83' lang='lat'>313</span> 
     </span>
    </p>
   </div>
  </div>
 </body>
</html>
