3634 5717
366 690 483 755 Fol
528 690 612 755 35

396 894 475 960 14
558 890 770 957 Sinite
819 891 969 956 illos
1016 890 1153 955 eeei
1198 897 1349 956 sunt

362 979 532 1124 Ξῑὲζῧγ
568 1042 767 1109 duces
811 1051 1063 1107 eaeeoru
1108 1061 1317 1107 eaeevs

567 1192 740 1259 enim
785 1192 843 1258 si
888 1212 1060 1257 eaeeo
1101 1191 1337 1258 ducatu-r

558 1349 814 1428 prestet
860 1343 1050 1409 ambo
1093 1342 1158 1407 in
1206 1343 1272 1408 fo

362 1487 531 1615 mltf}5ss
564 1507 688 1561 uea
731 1492 973 1561 eadunt
1017 1495 1279 1578 Respon

360 1623 509 1717 mr⁶ffi
569 1645 731 1711 dens
776 1649 927 1709 aute
969 1650 1193 1728 petrus

567 1794 735 1860 dixit
779 1794 841 1861 ei
886 1795 1175 1861 edissere
1218 1815 1304 1859 no

566 1946 666 2012 bis
710 1946 1025 2030 parabola
1064 1947 1261 2011 istam

399 2096 477 2162 16
564 2101 634 2161 at
675 2095 788 2162 ille
833 2095 1002 2161 dixit
1044 2094 1259 2162 adhue
1303 2102 1369 2163 et

563 2211 682 2313 uos
726 2246 869 2312 sine
913 2245 1249 2313 intellectu

397 2401 473 2466 17
563 2397 723 2465 estis
769 2418 900 2463 non
945 2396 1245 2481 intellegi

428 2646 431 2647 γ
561 2522 646 2615 tis
691 2548 846 2631 quia
889 2568 1082 2614 omne
1124 2550 1283 2632 quod

561 2700 630 2765 in
675 2718 749 2765 os
794 2699 997 2766 intrat
1041 2699 1109 2764 in
1151 2718 1278 2765 uen

561 2857 658 2916 tre
704 2848 890 2917 uadit
931 2857 1000 2917 et
1041 2849 1111 2915 in
1155 2870 1338 2918 seces

396 3009 473 3073 18
559 3021 700 3068 sum
748 3002 1081 3069 emittetur
1123 3022 1268 3086 qvae

559 3159 709 3218 aute
756 3153 1121 3237 procedunt

558 3302 642 3370 de
685 3324 799 3370 ore
837 3303 923 3370 de
964 3303 1160 3370 eorde
1203 3323 1286 3370 ex

563 3461 718 3521 eunt
760 3461 828 3522 et
868 3456 1010 3521 haee
1048 3454 1309 3538 eoinqvi

392 3610 470 3674 19
561 3611 721 3671 nant
764 3605 1026 3672 homine
1072 3605 1157 3673 de
1195 3627 1306 3673 eor

562 3757 644 3824 de
689 3755 862 3823 enim
904 3764 1145 3823 exeunt
1188 3778 1264 3824 eo

561 3908 918 3992 gitationes
963 3910 1178 3978 malae

560 4058 945 4127 homicidia't
991 4061 1246 4129 fornica
1280 4062 1304 4111 τ
1333 4063 1569 4108 adulteria

450 4220 465 4234 ·
562 4208 775 4277 tiones
823 4210 997 4278 furta
1039 4212 1211 4278 falsa

561 4359 938 4427 testimonia
979 4361 1122 4428 blas

354 4498 477 4570 '20
560 4509 841 4593 phemiae
886 4512 1027 4578 haee
1069 4519 1220 4578 sunt
1264 4533 1407 4596 qvae

565 4662 989 4748 coinquinant

462 4801 617 4846 Codex
642 4813 820 4847 aunan.
948 4815 955 4821 ·

1476 690 1662 756 Mtc
1711 693 1790 757 15

1887 864 2215 958 hominem
2260 913 2388 956 non
2437 890 2591 957 lotis

1886 1047 2036 1108 aute
2081 1041 2321 1108 manib'
2366 1041 2607 1107 mandu

1882 1213 2034 1259 eare
2078 1213 2207 1258 non
2254 1191 2632 1275 coinquinat

1882 1342 2213 1409 hominem

1707 1502 1786 1564 21
1882 1494 1966 1558 Et
2009 1513 2313 1578 egressus
2358 1492 2514 1560 inde
2557 1492 2662 1556 ihs

1678 1581 1742 1626 ΒΓ
1768 1584 1819 1626 4⁷
1883 1644 2158 1712 secessit
2201 1644 2270 1709 in
2316 1649 2539 1728 partes
2583 1648 2657 1727 ty

1704 1786 1789 1852 22
1877 1795 1933 1861 ri
1976 1801 2041 1861 et
2083 1794 2336 1861 sidonis
2378 1800 2446 1862 et
2490 1813 2642 1860 eeee

1881 1947 2113 2013 mulier
2152 1946 2495 2012 ehananea
2539 1966 2581 2012 a
2624 1945 2666 2010 fi

1879 2097 2008 2163 nib'
2051 2096 2186 2162 illis
2226 2115 2496 2180 egressa
2534 2097 2640 2162 ela

1882 2249 2087 2315 mauit
2126 2245 2352 2314 dicens
2391 2247 2630 2313 misere

1876 2420 1947 2466 re
1991 2399 2120 2466 mei
2167 2397 2298 2464 diie
2335 2397 2430 2462 fili
2475 2396 2678 2463 dauid

1875 2549 2016 2616 filia
2059 2569 2209 2616 mea
2251 2548 2425 2615 male
2467 2568 2509 2614 a
2551 2546 2762 2613 daemo

1698 2706 1787 2772 23
1874 2700 1987 2768 nio
2029 2704 2308 2767 uexatur
2351 2696 2462 2782 qui
2505 2718 2638 2765 non

1876 2850 2218 2938 respondit
2262 2851 2325 2917 ei
2368 2850 2574 2917 uerbu

1876 3010 1942 3070 et
1985 3002 2373 3070 aecedentes
2416 2999 2584 3066 disci

1877 3152 2018 3240 puli
2061 3138 2201 3219 eius
2241 3158 2307 3218 et
2349 3151 2673 3236 rogabant

1875 3325 2023 3372 eum
2068 3303 2362 3371 dieentes
2407 3302 2599 3369 dimit

1875 3463 1942 3522 te
1984 3467 2065 3524 ea
2108 3454 2265 3539 quia
2307 3455 2550 3521 elamat
2591 3460 2742 3539 post

1700 3609 1786 3674 24
1869 3625 1991 3672 nos
2037 3606 2190 3690 Ipse
2234 3610 2385 3671 aute
2431 3623 2672 3689 respon

1669 3695 1843 3844 ἶιξξζθ
1875 3757 2039 3825 dens
2084 3756 2179 3822 ait
2221 3776 2353 3823 non
2392 3765 2473 3821 su
2516 3755 2640 3821 mis

1876 3927 1986 3974 sus
2030 3907 2162 3973 nisi
2205 3906 2290 3974 ad
2334 3925 2491 3974 oues
2539 3926 2682 3990 quae

1877 4058 2215 4147 perierunt
2258 4058 2488 4124 domus
2531 4057 2590 4123 is

1703 4209 1787 4275 25
1875 4210 2060 4276 rahel
2106 4210 2193 4275 At
2236 4210 2354 4276 illa
2394 4208 2577 4276 uenit
2620 4215 2687 4274 et

1672 4295 1842 4439 3:⁶31?
1879 4361 2198 4427 adorabat
2242 4380 2387 4426 eum
2437 4359 2663 4427 dicens

1700 4513 1785 4578 26
1871 4511 2118 4579 adiuba
2160 4531 2265 4578 me
2310 4511 2442 4578 dile
2486 4510 2597 4594 qui
2642 4530 2714 4617 re

1878 4662 2212 4747 spondens
2256 4662 2352 4729 ait

2484 4794 2519 4847 ὅ
