3634 5717
772 688 899 754 228
1900 683 2168 748 Laos

804 891 888 995 22
976 886 1181 953 Factfi
1211 914 1262 945 -ι-
1295 893 1508 952 autem
1550 887 1613 952 in
1645 908 1775 952 uua
1806 887 1988 953 diei-f²
2122 872 2126 876 Δ
2300 886 2462 951 mari
2511 891 2577 949 et
2622 880 2982 946 obaudiunt
3024 880 3105 945 ei.

773 975 912 1119 ¹¹<3:3231
980 1048 1046 1103 et
1091 1039 1233 1122 ipse
1280 1039 1580 1104 ascendit
1627 1040 1690 1103 in
1733 1039 1894 1104 naui
2129 1043 2214 1107 26
2254 1036 2839 1119 ,Enauigauerunt
2883 1038 3034 1096 aute
3080 1029 3164 1097 ad

771 1129 920 1226 353
980 1192 1126 1257 cula
1171 1198 1235 1257 et
1281 1191 1586 1274 discipuli
1634 1192 1773 1256 eius
2100 1127 2234 1170 Brae
2299 1189 2567 1273 regione
2614 1185 3014 1270 gerasenoru
3060 1202 3205 1265 quse

979 1351 1045 1408 et
1089 1344 1183 1408 ait
1227 1343 1310 1410 ad
1359 1344 1507 1408 illos
1554 1345 1836 1410 transsre
2127 1350 2206 1412 27
2299 1350 2399 1407 est
2442 1348 2671 1405 contra
2715 1336 2980 1420 galilaea
3023 1344 3090 1401 et
3133 1336 3213 1399 cii

978 1506 1187 1560 temus
1232 1503 1413 1561 trans
1460 1504 1699 1578 staguu
1748 1504 1813 1559 et
2298 1512 2601 1575 egressus
2646 1496 2824 1556 essct
2867 1486 2954 1553 ad
2999 1494 3098 1551 ter

808 1639 891 1705 23
979 1647 1416 1713 ascenderunt
1461 1649 1746 1729 nauigan
2299 1656 2367 1710 ra
2414 1643 2693 1709 occurrit
2739 1641 2835 1706 illi
2882 1639 2983 1703 uir
3027 1639 3228 1720 quida

975 1798 1086 1864 tib'
1128 1804 1279 1864 aute
1324 1797 1457 1863 illis
1503 1799 1795 1865 obdormi
2299 1798 2405 1880 qui
2450 1795 2734 1862 habebat
2776 1791 3124 1859 daemoni&

977 1948 1028 2013 it
1058 1957 1138 2045 ‚et
1184 1948 1525 2015 descendit
1569 1952 1785 2033 procel
2298 1950 2425 2015 iam
2473 1946 2746 2031 teporib'
2792 1943 3011 2010 multis
3052 1952 3118 2008 et

974 2101 1043 2165 la
1084 2100 1263 2166 uenti
1310 2100 1376 2165 in
1422 2106 1662 2185 stag-nu
1711 2110 1776 2167 et
1820 2123 1941 2167 con
2092 2110 2410 2165 Uim-nes
2441 2101 2510 2165 tu
2557 2119 2687 2164 non
2733 2096 3125 2163 induebatur

973 2252 1276 2336 plebatur
1317 2252 1556 2319 fluctib'
1599 2252 1837 2319 nauicu
2296 2253 2437 2335 ueq'
2481 2252 2549 2316 in
2597 2251 2796 2325 domu
2842 2248 3148 2313 manebat

971 2405 1038 2469 la
1082 2413 1146 2470 et
1193 2404 1732 2489 periclitabantur
2294 2404 2410 2471 sed
2457 2405 2521 2468 in
2568 2400 3005 2503 monumentis
3051 2399 3107 2463 is

803 2552 888 2615 ‘24
974 2553 1364 2621 accedentes
1406 2561 1562 2621 aute
1608 2575 1717 2621 sus
2051 2635 2061 2645 ·
2121 2556 2204 2619 28
2292 2566 2362 2622 ut
2405 2556 2574 2622 uidit
2612 2554 2744 2618 ihm
2792 2551 3075 2637 procidit
3119 2542 3204 2616 a'n

969 2706 1334 2773 citauerunt
1379 2708 1461 2772 eli
1508 2707 1803 2773 diceutes
2290 2718 2352 2775 te
2399 2708 2518 2773 iusi
2564 2716 2630 2773 et
2672 2708 3050 2785 exclamans
3095 2724 3179 2768 uo

968 2866 1332 2942 praeceptor
1378 2858 1665 2943 perimus
1713 2865 1782 2924 at
2289 2881 2361 2926 ce
2410 2879 2655 2943 magua
2699 2857 2869 2923 dixit
2913 2856 3068 2955 quid
3114 2857 3203 2921 mi

968 3008 1080 3073 ille
1124 3027 1400 3093 surgens
1442 3009 1811 3094 iucrepauit
2289 3011 2355 3075 hi
2403 3019 2467 3076 et
2512 3011 2632 3075 tibi
2677 3018 2778 3074 est
2822 3008 2934 3073 ihu
2982 3008 3097 3073 filii
3145 3008 3215 3073 di

965 3160 1164 3226 uentu
1211 3167 1278 3225 et
1321 3166 1712 3244 tempestate
2288 3162 2591 3228 altissimi
2639 3162 2908 3227 obsecro
2954 3167 3017 3224 te

965 3331 1150 3395 aquae
1197 3319 1264 3379 et
1307 3313 1593 3379 cessauit
1637 3320 1702 3380 et
1747 3316 1853 3379 fac
2113 3312 2197 3376 29
2285 3335 2366 3381 ne
2410 3334 2514 3379 me
2560 3322 2866 3396 torqueas
2910 3311 3105 3396 praeci

963 3472 1032 3529 ta
1076 3471 1177 3529 est
1218 3464 1661 3547 tranquillitas
2288 3450 2510 3547 piebat
2550 3477 2657 3531 eni
2704 3465 2962 3550 spiritui
3009 3464 3073 3528 iu

786 3614 869 3681 25
956 3636 1218 3699 magna.
1267 3616 1438 3681 dixit
1483 3624 1633 3683 aute
1681 3617 1814 3681 illis
2285 3616 2526 3683 mundo
2569 3627 2638 3683 ut
2684 3618 2892 3684 exiret
2937 3617 3022 3683 ab
3065 3616 3148 3680 ho

962 3766 1071 3831 ubi
1117 3775 1217 3833 est
1261 3769 1424 3834 fides
1469 3777 1690 3833 uestra
1730 3778 1796 3833 et
2282 3769 2477 3835 mine.
2523 3769 2745 3835 multis
2791 3782 2897 3836 eni
2940 3777 3158 3854 tempo

959 3919 1264 3985 timentes
1311 3918 1529 3984 mirati
1576 3926 1727 3984 sunt
2280 3921 2397 3987 rib'
2440 3921 2808 4005 arripuerat
2854 3922 2971 3986 inu
3020 3935 3101 3986 na

957 4067 1251 4135 dicentes
1297 4069 1380 4135 ad
1430 4070 1645 4135 inuice
1691 4072 1837 4153 qvis
2278 4074 2535 4139 uinctus
2576 4074 2828 4140 catenis
2868 4081 2934 4140 et
2977 4094 3096 4137 con

956 4232 1040 4285 na
1088 4227 1188 4286 est
1231 4220 1339 4286 hic
1383 4220 1539 4303 quia
1585 4232 1650 4287 et
1693 4243 1818 4289 uen
2278 4224 2493 4309 pedib'
2536 4225 3024 4292 custodiebatur

1125 4371 1207 4437 tis
1257 4372 1536 4457 imperat
1583 4381 1644 4438 et
2580 4388 2645 4442 et
2695 4380 2899 4462 ruptis

2400 4681 2453 4743 X
2467 4681 2513 4743 V
2931 4688 2981 4749 C
