3634 5717
736 638 822 702 ‘16

938 833 1101 900 dens
1146 852 1496 900 eonseruus
1540 832 1604 898 ei

936 1003 1011 1051 us
1057 984 1335 1068 rogabat
1378 993 1462 1049 θῇ
1507 982 1720 1049 dicens

937 1134 1328 1219 patientiam
1373 1133 1541 1199 habe
1587 1132 1654 1196 in

942 1306 1045 1352 me
1089 1292 1156 1352 et
1200 1285 1425 1395 ⁴emnia
1466 1283 1672 1350 reddit

936 1435 1057 1501 tibi
1103 1435 1217 1501 ille
1259 1441 1477 1502 autem
1522 1433 1674 1500 nolu

940 1585 993 1649 it
1035 1585 1154 1651 sed
1196 1583 1410 1650 habiit
1452 1591 1519 1672 et
1566 1584 1656 1650 mi

938 1736 1027 1801 sit
1069 1756 1215 1801 eum
1262 1734 1331 1800 in
1376 1745 1636 1802 earcere

940 1886 1151 1953 donee
1196 1884 1501 1953 redderet

771 2049 849 2115 31
940 2036 1166 2102 debitfl
1212 2035 1513 2103 uidentes

935 2194 1154 2255 autem
1198 2186 1498 2254 conserui
1543 2186 1605 2252 ei

930 2359 1007 2406 us
1052 2359 1219 2423 quae
1264 2339 1511 2407 fiebant
1554 2357 1674 2403 con

932 2491 1175 2557 tristati
1219 2498 1373 2557 sunt
1417 2490 1612 2556 ualde

931 2649 1000 2709 et
1041 2649 1362 2708 uenerunt
1405 2648 1474 2709 et
1509 2660 1630 2706 nar

931 2800 1240 2860 rauemnt
1283 2792 1551 2859 domino

822 3018 849 3041 .
930 2962 1048 3009 suo
1094 2943 1318 3010 omnia,
1353 2961 1499 3027 quae
1544 2941 1722 3007 faeta

757 3099 842 3164 32

755 3860 838 3925 33

747 4448 832 4513 34

928 3094 1188 3160 fuerant
1232 3099 1385 3160 tune
1426 3091 1689 3159 necavit

929 3255 1015 3312 en
1059 3243 1362 3311 dominus
1406 3263 1559 3312 suus
1604 3248 1671 3309 et

930 3393 1027 3460 ait
1067 3394 1169 3459 illi
1210 3412 1404 3462 serae
1445 3404 1660 3478 nequa

929 3526 1120 3611 'omne
1162 3545 1388 3614 debita
1431 3544 1593 3610 dimi

926 3698 987 3765 si
1030 3698 1152 3764 tibi
1196 3709 1323 3783 qus>
1367 3695 1619 3781 rogasti

926 3869 1030 3916 me
1072 3868 1288 3915 nonne
1333 3846 1622 3932 oportuit

923 4006 989 4065 et
1032 4006 1098 4066 te
1142 3999 1440 4066 misereri
1484 4013 1593 4064 00¹¹

921 4170 1112 4217 seruo
1156 4156 1267 4215 tuo
1312 4147 1481 4215 siout
1522 4152 1590 4215 et
1632 4168 1671 4214 e

924 4320 1010 4383 go
1054 4299 1148 4365 tui
1194 4297 1496 4366 misertus
1540 4308 1619 4365 εὐ

920 4456 988 4516 et
1031 4450 1235 4516 iratus
1274 4449 1577 4517 dominus

921 4600 1061 4667 eius
1107 4601 1381 4669 tradidit
1426 4613 1508 4669 esi
1554 4609 1657 4668 tor

1775 589 2092 698 mols
2141 635 2216 699 19

2258 832 2444 898 torib'
2489 828 2706 914 quoad
2751 829 2889 911 usq’

2257 981 2564 1048 redderet
2606 981 2837 1047 uniuer

2079 1121 2164 1185 35
2258 1142 2337 1197 εὐ
2382 1132 2674 1199 debitum
2719 1130 2817 1197 sie
2861 1139 2928 1196 et

2261 1289 2449 1367 pater
2492 1301 2675 1347 meus
2719 1280 2911 1347 eaeles

2255 1432 2342 1500 tis
2393 1433 2586 1499 faciet
2627 1432 2814 1497 uobis
2859 1431 2917 1497 si
2963 1452 3092 1497 non

2255 1582 2639 1651 remiseritis
2655 1676 2666 1689 l
2682 1601 2848 1648 unus

2256 1735 2461 1819 quisq'
2505 1733 2693 1800 fratri
2737 1754 2854 1800 suo
2901 1733 2985 1799 de

2256 1884 2497 1953 cerdib'
2539 1884 2776 1952 uestris

2050 2023 2207 2153 ἒξ)
2252 2037 2337 2102 Et
2379 2037 2624 2103 factum
2673 2042 2775 2103 est
2818 2055 2962 2101 eum

2091 2123 2114 2153 ι’

2049 2161 2219 2255 ‘ntem
2251 2194 2704 2256 eonsfimasset

1953 2246 1960 2253 ’
2051 2264 2226 2307 mr103

2251 2361 2585 2410 sermones
2625 2341 2785 2407 istos
2825 2338 2914 2404 mi

2250 2494 2470 2579 grauit
2513 2514 2557 2560 a
2592 2492 2840 2576 galilea
2882 2498 2949 2558 et

2248 2645 2432 2712 uenit
2475 2644 2542 2710 in
2588 2644 2752 2711 fines
2798 2642 2949 2709 iude

2249 2817 2328 2864 ae
2373 2784 2554 2864 trans
2595 2794 2913 2861 iordanen

2119 2940 2160 3004 2
2247 2954 2315 3014 et
2356 2953 2596 3014 seeutae
2638 2952 2791 3012 sunt
2832 2954 2918 3012 οὐ

2246 3100 2475 3165 turbae
2519 3097 2741 3163 multae
2788 3102 2855 3163 et
2898 3115 2977 3162 eu

2111 3245 2152 3310 3
2241 3249 2415 3316 rauit
2453 3268 2567 3315 eos
2610 3247 2703 3314 ibi
2749 3254 2816 3314 et
2854 3265 3048 3315 aeees

2246 3407 2472 3467 serunt
2516 3400 2601 3467 ad
2645 3418 2794 3467 eum
2837 3397 2975 3484 pha

2244 3551 2418 3617 risaei
2460 3556 2858 3634 temptantes

2242 3720 2390 3767 eum
2435 3709 2501 3769 et
2542 3702 2836 3768 dieentes

2239 3852 2297 3918 si
2341 3852 2498 3920 lieet
2539 3850 2789 3919 homini
2834 3849 2905 3917 di

2239 4004 2499 4071 mittere
2539 4015 2741 4071 uxore
2786 4022 2863 4069 sv

2240 4175 2347 4221 am
2391 4165 2732 4240 qvaefique
2776 4174 2861 4220 ex
2903 4171 3026 4219 eav

2103 4308 2148 4373 4
2231 4325 2310 4371 sa
2351 4306 2462 4391 qui
2502 4305 2908 4390 respondens

2237 4455 2334 4523 ait
2376 4456 2510 4522 illis
2552 4478 2682 4523 nou
2728 4457 2792 4523 le

2238 4607 2430 4689 gistis
2477 4609 2634 4693 quia
