3634 5717
423 681 541 746 Fol
587 682 668 746 21

585 890 651 948 et
687 903 877 949 seruo
925 906 1068 952 meo
1117 888 1217 953 fae
1262 888 1388 952 hoe

419 1035 497 1100 10
583 1040 649 1101 et
692 1034 894 1102 faeiat
938 1036 1213 1104 audiens
1254 1059 1338 1104 au

582 1196 711 1254 tem
757 1187 862 1253 ihs
908 1188 1178 1255 miratus
1218 1196 1320 1257 est

583 1346 648 1404 et
691 1341 1053 1435 sequentib'
1096 1361 1170 1409 se
1214 1341 1328 1406 dix

582 1490 635 1555 it
677 1512 867 1559 amen
914 1492 1063 1560 dieo
1108 1494 1295 1560 uobis

580 1664 708 1708 non
756 1644 978 1712 inueni
1025 1654 1210 1713 tanta
1248 1647 1293 1712 fi

416 1799 549 1919 11⁰4
581 1795 663 1861 de
709 1796 775 1861 in
823 1797 1064 1864 israhel
1112 1800 1276 1866 Dico

409 1885 548 2024 :2122
579 1955 727 2014 aute
774 1951 960 2017 uobis
1004 1951 1177 2035 quod
1222 1952 1353 2017 mvl

580 2100 630 2166 ti
677 2102 761 2167 ab
803 2103 1053 2171 oriente
1098 2111 1164 2170 et
1208 2125 1285 2170 oe

579 2235 839 2319 cidente
880 2253 1149 2321 uenient
1193 2263 1259 2321 et

577 2406 953 2471 recumbent
996 2416 1078 2472 eu
1122 2408 1284 2474 abra

576 2555 664 2621 ha
702 2564 767 2622 et
812 2557 994 2625 isaac
1037 2566 1103 2626 et
1147 2560 1337 2627 iacob

414 2708 488 2772 12
576 2710 642 2773 in
688 2729 893 2793 regno
938 2712 1209 2777 eaeloru¹
1246 2712 1289 2777 fi

575 2860 647 2925 lii
695 2868 845 2927 aute
891 2828 1080 2947 regni
1121 2862 1330 2929 eieien

575 3018 677 3076 tur
720 3013 790 3077 in
834 3015 1139 3081 tenebras
1185 3036 1267 3081 ex

574 3164 847 3230 teriores
892 3165 982 3231 ibi
1028 3166 1155 3232 erit
1191 3167 1275 3233 fle

454 3326 471 3337 ·
574 3321 676 3380 tus
723 3322 788 3381 et
831 3317 1071 3383 stridor
1116 3318 1244 3383 den

408 3465 542 3587 1367
575 3465 735 3533 tium
780 3469 864 3533 Et
906 3468 1077 3535 dixit
1121 3470 1223 3534 ihs

403 3556 518 3691 :2⁶⁶
573 3621 935 3685 centurioni
983 3590 1155 3688 uade
1200 3629 1265 3688 et

571 3771 740 3837 sieut
784 3771 1122 3839 credidisti
1162 3774 1279 3840 fiat

574 3923 693 3989 tibi
736 3932 803 3990 et
845 3935 1113 3993 sanatus
1160 3933 1261 3994 est

571 4096 732 4160 puer
776 4077 844 4141 in
892 4078 1010 4144 illa
1045 4078 1210 4145 hora

406 4229 486 4293 14
570 4228 654 4294 Et
696 4241 831 4295 cum
877 4230 1167 4296 uenisset
1210 4229 1315 4295 ihs

404 4313 464 4353 nr
488 4314 540 4352 ‘20

402 4364 543 4505 '¹¹²2ss
572 4379 640 4444 in
687 4381 885 4447 domn
934 4384 1095 4466 petr¹
1140 4383 1310 4448 uidit
1353 4402 1427 4447 so

402 4475 469 4504 nul·

399 4515 441 4555 ¹⁰
470 4516 519 4555 ²⁰
571 4543 683 4597 eru
730 4533 870 4598 eius
917 4533 1173 4599 iacente
1219 4541 1286 4602 et

569 4685 980 4751 febricitante

1547 685 1816 752 Mtcs

1741 890 1818 954 15
1907 893 1972 953 et
2015 887 2236 972 tetigit
2279 900 2480 956 manu
2523 891 2663 957 eius

1907 1044 1973 1105 et
2011 988 2269 1105 nimisit
2314 1053 2392 1107 ea
2437 1042 2638 1108 febris

1906 1196 1972 1256 et
2015 1191 2297 1257 surrexit
2344 1200 2409 1259 et
2452 1193 2647 1259 minis

1743 1344 1820 1407 16
1908 1342 2125 1408 trabat
2166 1341 2261 1408 eis
2287 1393 2302 1407 .
2347 1344 2640 1427 Uespere

1904 1500 2121 1560 autem
2170 1494 2342 1560 faeto
2388 1495 2607 1562 obtule

1901 1655 2051 1712 runt
2089 1645 2150 1713 ei
2198 1649 2435 1713 multos
2486 1647 2678 1713 daem0

1901 1799 2016 1865 nia
2058 1798 2377 1865 habentes
2422 1807 2488 1865 et
2533 1800 2649 1865 eie¹

1904 1952 2057 2018 ebat
2098 1955 2211 2036 sps
2258 1951 2606 2017 inmundos

1903 2104 2101 2168 uerbo
2147 2109 2214 2167 et
2257 2123 2482 2170 omnes
2528 2123 2637 2169 ma

1901 2252 1965 2319 le
2002 2252 2323 2320 habentes
2368 2256 2614 2320 enrau¹t

1737 2405 1811 2470 17
1901 2411 1972 2469 ut
2013 2385 2485 2487 adimpleretur
2529 2426 2614 2488 qu

1899 2556 1984 2622 od
2031 2556 2212 2623 (lietu
2257 2563 2358 2623 est
2401 2578 2521 2642 per
2565 2578 2682 2624 esa

1896 2709 2028 2775 iam
2065 2709 2455 2794 prophetam
2477 2707 2679 2791 ‘diem

1896 2868 1959 2926 te
2008 2860 2151 2945 ipse
2198 2861 2614 2929 infirmitates

1896 3019 2156 3079 nostras
2201 3012 2458 3097 aceepit
2496 3019 2561 3079 et

1896 3165 2385 3249 aegrotationes
2432 3169 2700 3249 portav¹t

1729 3318 1806 3382 18
1894 3316 2145 3382 Uidens
2190 3324 2341 3383 aute
2384 3315 2488 3381 ihs
2531 3323 2633 3381 tur

1726 3401 1860 3440 firm
1897 3469 2016 3534 bas
2061 3470 2299 3535 multas
2347 3473 2518 3534 eirefi
2565 3489 2637 3535 se

1895 3620 2087 3685 iussit
2130 3621 2489 3705 discipulos
2534 3641 2612 3686 sv

1892 3793 1965 3838 os
2007 3773 2107 3838 ire
2153 3779 2335 3838 trans
2380 3774 2552 3838 fretu

1727 3928 1804 3993 19
1894 3927 1977 3991 Et
2023 3924 2343 3993 accedens
2384 3945 2550 3991 unus

1720 4013 1867 4154 ¹¹:2¹3
1895 4079 2113 4145 scriba
2156 4080 2250 4145 ait
2294 4079 2391 4143 ini
2438 4077 2652 4162 magis

1891 4238 1989 4297 ter
2033 4251 2269 4315 sequar
2312 4240 2376 4297 te
2419 4253 2545 4315 quo

1719 4385 1806 4448 20
1892 4384 2033 4466 ouq’
2076 4384 2231 4449 ieris
2277 4392 2343 4450 et
2385 4383 2546 4449 dicit
2592 4382 2652 4449 ei

1889 4535 1991 4599 ihs
2035 4537 2266 4619 uulpes
2311 4535 2537 4600 foueas

1889 4686 2134 4752 habent
2178 4696 2242 4751 et
2287 4686 2436 4750 uolu

2873 694 2954 759 37
