3634 5717
368 647 488 714 Fol
535 649 618 713 29

569 849 711 916 nies
752 848 1059 934 uiperaru
1105 870 1231 933 quo
1404 878 1431 901 κ

570 1001 1084 1088 modopotestis
1129 1002 1304 1068 bona

566 1153 743 1237 loqui
787 1163 869 1219 eu
915 1154 1059 1219 sitis
1105 1154 1260 1220 mali
1308 1175 1389 1221 ex

563 1305 1017 1372 habundantia
1059 1311 1199 1371 ”ute

564 1459 778 1526 cordis
826 1479 896 1531 os
943 1457 1228 1541 loquitur

397 1615 483 1680 35
568 1614 787 1679 Bonus
830 1611 1025 1677 homo
1073 1609 1157 1676 de
1201 1610 1283 1677 bo

359 1705 426 1744 mt
452 1701 528 1744 125

356 1805 400 1846 10
427 1753 478 1846 ἦ»
568 1788 653 1833 no
696 1766 1050 1832 thensauro
1098 1760 1313 1829 cordis

560 1920 663 1987 sui
707 1919 955 2004 profert
992 1917 1166 1983 bona
1208 1921 1276 1980 et

556 2073 765 2138 malus
805 2071 1000 2136 homo
1046 2068 1130 2134 de
1174 2087 1283 2132 ma

554 2226 619 2291 lo
666 2223 972 2290 thesauro
1019 2220 1268 2305 profert

388 2379 519 2507 3627
558 2376 736 2442 mala
779 2374 945 2440 Dieo
991 2378 1140 2439 aute
1186 2392 1268 2437 uo

348 2465 463 2558 ”¹3⁰1
552 2529 654 2595 bis
698 2539 823 2612 quo
871 2546 1061 2593 omne
1106 2525 1310 2593 uerbu

553 2683 767 2748 otiosu
813 2679 1129 2763 quodeuq'
1174 2679 1238 2743 lo

553 2833 689 2920 quti
735 2830 977 2898 fuerint
1019 2830 1193 2896 homi

553 3006 669 3053 nes
715 2983 993 3051 reddent
1036 2982 1206 3049 ratio

551 3150 633 3204 ne
678 3138 761 3203 de
808 3158 884 3204 eo
932 3136 998 3200 in
1044 3134 1152 3201 die
1199 3132 1426 3200 iudicii

362 3291 470 3357 ’37
560 3311 644 3357 ex
686 3290 904 3357 uerbis
951 3299 1058 3355 eni
1104 3286 1241 3352 tuis·
1277 3285 1379 3350 ius

551 3441 905 3507 tifieaueris
942 3446 1011 3507 et
1053 3461 1137 3507 ex
1179 3458 1296 3505 uer

548 3595 648 3661 bis
694 3594 822 3661 tuis
867 3591 1166 3659 condena

550 3747 726 3813 ueris

377 3900 460 3964 38
546 3900 733 3964 Tune
772 3898 1249 3982 respondervnt

342 3985 405 4028 Βι-
429 3985 481 4029 37

342 4037 511 4127 ”²²5¹ae
548 4052 608 4118 ei
655 4051 920 4135 quidam
966 4050 1048 4117 de
1094 4050 1221 4117 seri

340 4140 385 4183 le
410 4139 488 4183 1ae

547 4205 647 4271 bis
692 4211 759 4271 et
804 4203 1131 4290 phariseis
1177 4203 1244 4268 di

548 4364 769 4425 centes
816 4355 1133 4440 magister
1176 4375 1245 4422 ιι)

546 4512 756 4578 lumus
802 4531 844 4575 a
882 4516 945 4575 te
992 4509 1252 4593 signum

745 4659 971 4728 uidere

1484 648 1804 716 Mt012

1684 912 1693 921 ,
1735 851 1818 915 39
1907 850 2010 915 ihs
2056 858 2205 916 aute
2252 844 2656 936 respon'dens

1900 1002 1996 1068 ait
2038 1001 2173 1069 iHis
2218 1004 2559 1087 generatio
2603 1027 2711 1072 ma

1893 1156 1963 1219 la
2004 1160 2070 1220 et
2110 1154 2411 1221 adultera
2453 1155 2648 1239 signu

1896 1305 2108 1388 querit
2152 1311 2219 1372 et
2257 1305 2454 1390 signu
2501 1327 2631 1372 non

1891 1456 2153 1522 dabitur
2198 1455 2260 1522 ei
2306 1457 2433 1522 nisi
2477 1457 2674 1543 signu

1725 1608 1812 1673 40
1876 1606 2094 1675 ‘ionae
2139 1609 2504 1694 prophetae
2549 1610 2604 1675 si

1889 1766 1996 1826 eut
2040 1772 2147 1826 eni
2194 1761 2317 1826 fuit
2360 1762 2548 1829 ionas
2589 1764 2656 1830 in

1888 1918 2117 1978 uentre
2158 1914 2329 1980 coeti
2374 1882 2519 1980 trili'

1865 2064 2056 2157 ‘dieb'
2100 2072 2166 2131 et
2204 2066 2349 2131 trib'
2395 2068 2569 2134 noeti

1886 2218 1942 2283 b'
1987 2217 2085 2282 sie
2128 2218 2253 2284 erit
2297 2219 2470 2285 filius
2515 2212 2693 2288 homi

1884 2369 1985 2435 nis
2031 2370 2099 2435 in
2145 2371 2343 2437 eorde
2385 2377 2577 2439 terrae
2622 2377 2706 2441 tri

1883 2523 1942 2617 b'
1986 2520 2157 2587 dieb'
2200 2534 2270 2591 et
2312 2523 2457 2589 trib'
2502 2547 2627 2593 noe

1719 2679 1798 2743 41
1891 2674 2063 2741 tibus
2107 2674 2233 2742 uiri
2279 2677 2592 2745 niueuitae

1800 2872 1807 2877 ·
1881 2835 2154 2915 surgent
2196 2830 2265 2895 in
2300 2830 2554 2920 ‘iudicio

1880 2984 1959 3048 es]
2007 2982 2433 3067 generatione
2479 2985 2609 3052 ista

1880 3140 1946 3201 et
1990 3134 2452 3202 condona-bunt
2497 3150 2575 3203 ea

1882 3288 2038 3372 quia
2080 3289 2466 3372 paenitentia
2510 3310 2632 3374 ege
2719 3386 2726 3391 ·

1879 3447 2029 3505 runt
2074 3439 2139 3504 in
2188 3441 2573 3524 praedieatio

1878 3562 1961 3657 ue
2006 3591 2175 3657 ionae
2223 3599 2288 3658 et
2332 3615 2482 3661 eece
2528 3596 2675 3679 plus

1707 3746 1792 3810 42
1882 3755 2008 3828 qua
2052 3731 2207 3811 iona
2250 3746 2358 3813 hie
2401 3726 2653 3832 regina·

1874 3898 2079 3963 austri
2123 3907 2348 3984 surget
2393 3900 2456 3965 in
2506 3902 2573 3966 iu

1874 4036 2047 4117 dicio
2092 4063 2172 4118 eu
2218 4054 2645 4137 generatione

1874 4207 2005 4272 ista
2049 4213 2115 4272 et
2158 4207 2557 4273 condonabit

1873 4370 1953 4424 ea
1995 4358 2151 4442 quia
2186 4359 2368 4425 uenit
2412 4381 2454 4425 a
2494 4360 2611 4425 fini

1869 4512 1927 4577 b'
1972 4518 2161 4578 terrae
2208 4512 2435 4579 audire
2481 4513 2628 4597 sapi

1872 4664 2051 4731 entia
2094 4664 2434 4730 salominis

2838 656 2924 722 53
