3634 5717
705 638 824 705 158

732 997 817 1062 24

903 858 1175 925 regnum
1221 838 1292 906 di
1337 840 1697 907 introibunt

903 992 1213 1078 discipuli
1258 1001 1410 1060 aute
1456 993 1645 1059 obstu

903 1146 1261 1229 peseebaut
1304 1145 1370 1213 in
1418 1145 1638 1213 uerbis
1676 1144 1738 1212 ei

905 1316 979 1363 us
1024 1304 1095 1363 at
1137 1297 1240 1363 ihs
1285 1316 1508 1365 rursus
1552 1317 1790 1383 respon

904 1448 1068 1517 dens
1112 1449 1209 1518 ait
1251 1450 1386 1517 illis
1431 1455 1560 1536 quii
1602 1449 1809 1518 diffini

905 1602 968 1668 le
1012 1610 1113 1669 est
1157 1600 1566 1669 confidentes
1611 1602 1679 1668 iu

906 1753 1203 1838 peevuiis
1246 1772 1519 1838 regnum
1566 1752 1636 1820 di
1673 1753 1741 1819 iu

906 1905 1106 1972 troire
1147 1905 1408 1973 facilius
1452 1912 1553 1972 est
1591 1925 1671 1971 ea

907 2057 1107 2126 meliti
1153 2077 1272 2143 per
1316 2058 1606 2126 foramen
1649 2077 1692 2124 a

905 2230 1019 2277 eus
1062 2210 1344 2279 trausim
1389 2223 1519 2297 qua
1557 2210 1695 2279 diui

905 2370 971 2431 te
1013 2363 1260 2432 intrare
1309 2364 1375 2431 in
1421 2373 1631 2449 regnu
1672 2362 1741 2428 di

1893 637 2087 703 nro
2137 637 2219 706 10

2231 843 2346 905 aut
2390 826 2663 905 matrem
2710 846 2825 905 aut
2870 843 3060 921 patre

2232 997 2347 1058 aut
2383 990 2555 1058 filios
2600 996 2715 1059 aut
2758 1008 2957 1076 agros

2232 1150 2501 1229 propter
2546 1163 2650 1210 me
2695 1149 2763 1210 et
2802 1162 2972 1211 enan

2230 1295 2412 1380 geliii
2460 1295 2571 1380 qui
2619 1315 2747 1360 uon
2793 1292 3082 1379 aeeipiat

2226 1447 2477 1516 centies
2518 1454 2709 1514 tantu
2752 1467 2926 1516 uuue

2228 1601 2297 1666 iu
2342 1609 2573 1686 tepore
2612 1599 2737 1666 hoe
2782 1598 3013 1666 domos

2228 1759 2296 1820 et
2336 1753 2574 1821 fratres
2613 1737 2682 1821 et'
2724 1771 2875 1820 soro

2227 1927 2333 1975 res
2377 1913 2445 1974 et
2488 1913 2696 1975 matre
2742 1910 2810 1972 et
2850 1904 3023 1972 filios

2229 2067 2296 2127 et
2334 2079 2533 2144 agros
2579 2068 2660 2125 οὐ
2705 2072 2978 2143 perseeu

2230 2212 2457 2280 tionib’
2501 2218 2569 2279 et
2610 2210 2680 2278 iu
2728 2211 2941 2278 futuro

2229 2365 2470 2432 saeeulo
2512 2363 2652 2431 niti
2695 2368 2967 2433 aeterni

732 2520 819 2586 26
906 2515 1017 2600 qui
1059 2516 1274 2601 magis
1318 2516 1708 2584 admirabau
2056 2520 2137 2586 31
2227 2518 2414 2585 Multi
2460 2524 2681 2585 autem
2724 2521 2917 2583 eruut

904 2675 1009 2735 tur
1051 2669 1224 2735 inter
1266 2688 1339 2734 se
1384 2667 1681 2735 dieentes
2024 2603 2196 2803 ἓξ
2232 2669 2428 2756 primi
2471 2668 2818 2736 nouissimi
2862 2672 2932 2735 et

2044 2771 2071 2803 ο

903 2827 971 2889 et
1014 2820 1159 2905 quis
1205 2825 1425 2905 potest
1466 2821 1689 2887 saluus
2228 2841 2572 2889 nomsslmi
2617 2840 2814 2905 pnm1

2024 2966 2166 3095 ἐξ
2229 2975 2435 3041 Erant
2478 2980 2631 3041 aute
2676 2973 2745 3039 in
2790 2931 2903 3040 uia

2022 3115 2095 3146 mr

2099 3101 2198 3197 2¹¹²
2229 3125 2665 3194 assendentes
2711 3125 2896 3192 hiero

2021 3204 2196 3301 &233²

733 2981 816 3045 27
904 2971 1047 3040 fieri
1091 2978 1159 3039 et
1201 2971 1466 3038 intuens
1507 2971 1657 3039 illos

901 3123 1008 3190 ihs
1051 3122 1147 3190 ait
1187 3122 1365 3209 apud
1410 3123 1710 3192 homiues

902 3274 1291 3361 inpossibile
1335 3282 1439 3344 est
1480 3276 1657 3362 apud

906 3427 1016 3494 dm
1062 3377 1281 3495 autem
1327 3429 1551 3497 omnia
1595 3448 1716 3514 pos

909 3579 1133 3647 sibilia
1175 3588 1329 3648 sunt
1370 3588 1437 3648 et
1481 3580 1701 3666 eoepit

908 3732 970 3798 ei
1016 3731 1237 3801 dieere
1281 3754 1434 3801 eece
1479 3754 1599 3802 uos
1645 3732 1713 3800 di

910 3883 1204 3952 misimus
1250 3887 1475 3953 omnia
1516 3892 1584 3953 et
1627 3905 1701 3953 se

2229 3280 2489 3365 solyma
2532 3284 2599 3344 et
2642 3278 2923 3364 precede

2229 3416 2345 3500 fiat
2387 3431 2540 3498 illos
2585 3430 2690 3497 ihs
2736 3436 2805 3498 et
2847 3436 3040 3515 stupe

2229 3584 2390 3650 baut
2434 3583 2545 3668 qui
2589 3583 2962 3686 seq'bauiur

2232 3755 2380 3803 eum
2424 3742 2494 3803 et
2537 3735 2890 3804 adsumens
2936 3735 2955 3802 i

2231 3889 2375 3954 terti
2420 3887 2698 3955 duodeei
2746 3895 2813 3956 et
2855 3908 2972 3955 eoe

736 4053 821 4120 29
908 4037 1040 4103 euti
1086 4056 1309 4104 sumus
1354 4044 1421 4105 te
1464 4039 1728 4124 Respou

704 4137 878 4286 3:²33
910 4188 1074 4254 deus
1117 4189 1221 4254 ihs
1266 4190 1361 4256 ait
1406 4211 1598 4258 amen
1644 4191 1794 4258 dieo
2064 4191 2148 4258 33

2235 4040 2334 4125 pit
2375 4040 2509 4106 illis
2549 4039 2772 4108 ‹lieere
2814 4058 2958 4125 quae
3002 4038 3063 4106 ei

2235 4199 2460 4260 esseut
2502 4200 2781 4260 uentura
2824 4192 2979 4275 qvia

613 4295 623 4303 '
705 4290 851 4336 10221

908 4340 1098 4407 uobis
1135 4362 1328 4411 nemo
1373 4350 1476 4411 est
1516 4345 1624 4429 qui
1671 4365 1742 4411 re
2234 4363 2389 4411 eoae
2430 4344 2848 4412 ascendimus
2894 4345 2960 4410 iu

911 4493 1176 4578 liquerit
1219 4494 1418 4561 domu
1462 4496 1565 4563 uel
1616 4497 1718 4563 fra
2235 4496 2681 4581 hierosolyma
2726 4504 2793 4563 et
2839 4496 2931 4562 fili

911 4657 1041 4716 tres
1088 4655 1199 4713 aut
1242 4668 1497 4714 sorores
2237 4670 2309 4714 us
2358 4648 2639 4715 heminis
