3634 5717
353 672 473 738 Fol
513 671 600 738 95
2791 674 2909 740 187

364 875 555 959 Expl.
573 894 777 959 praep.
805 895 994 942 euan.
1022 874 1184 940 lucae
1221 873 1419 958 incip.
1444 874 1602 941 breb
1687 880 1765 943 14
1812 878 1936 943 Vbi
1962 877 2326 961 discipulos
2359 877 2483 942 dns
2508 876 2715 960 elegit
2738 885 2804 942 et
2826 897 2912 943 no

1584 962 1645 1111 {t}
1808 964 2222 1029 minaeorum
2237 962 2546 1045 designat
2574 968 2639 1027 et
2660 962 2912 1112 beaitiintg

407 1134 438 1197 ¹
487 1156 876 1249 Zachariae
940 1156 1311 1248 sacerdot?
1561 1150 1645 1281 <¹1¹3
1686 1134 1764 1198 ¹⁵
1807 1130 2914 1283 {333302‘2'0333302231‘33333

485 1298 765 1383 angelus
791 1297 1044 1383 gabriel
1070 1305 1136 1365 et
1149 1297 1565 1364 adnuntiauit
1586 1307 1652 1365 et
1815 1322 2011 1385 super
2057 1309 2309 1386 petram
2357 1308 2424 1367 et
2465 1300 2714 1367 harena

487 1385 690 1450 filium
704 1383 1057 1450 iohannem
1074 1390 1138 1448 et
1155 1383 1474 1448 iohannes
1490 1404 1651 1468 prae
1694 1389 1769 1451 16
1810 1387 1938 1453 Ubi
1952 1387 2350 1454 centurionis
2364 1406 2633 1470 puerum
2647 1387 2911 1452 sanauit

490 1468 754 1543 cederet
771 1468 926 1533 dnm
941 1469 1007 1532 in
1024 1469 1149 1552 spfi
1163 1468 1381 1534 heliae
1395 1476 1461 1533 et
1474 1469 1647 1535 idem
2800 1470 2907 1537 ihs

490 1554 766 1638 angelus
790 1552 1208 1620 adnuntiauit
1231 1553 1481 1619 mariae
1506 1553 1646 1619 filiu
1689 1557 1763 1621 17
1812 1556 2134 1622 Mortuum
2181 1557 2441 1621 unicum
2498 1554 2702 1620 filium
2759 1576 2908 1622 resu

1515 1639 1645 1705 ibin
1809 1641 2076 1706 scitauit
2121 1641 2225 1705 ihs
2270 1648 2335 1705 et
2385 1641 2578 1706 matri
2626 1641 2911 1706 restituit

402 1726 443 1789 2
488 1722 917 1790 Natiuitatem
966 1724 1082 1789 ihu
1129 1722 1477 1788 adnuntiat
1690 1727 1764 1790 18
1810 1726 2138 1793 Iohannes
2164 1725 2246 1791 de
2263 1746 2525 1791 carcere
2541 1723 2625 1791 ad
2641 1725 2772 1790 ihm
2790 1725 2909 1791 mit

488 1809 765 1892 angelus
811 1809 1184 1893 pastoribus
1810 1812 1892 1875 tit
1914 1810 2141 1875 dicens
2167 1818 2234 1876 tu
2268 1830 2336 1875 es
2368 1811 2477 1893 qui
2501 1818 2810 1876 uenturus
2836 1831 2907 1876 es

404 1895 445 1960 3
488 1895 662 1959 Acce
713 1894 764 1958 it
797 1914 1066 1978 symeon
1105 1913 1374 1977 puerum
1413 1892 1545 1957 ihm
1582 1902 1648 1958 et
1810 1903 1876 1961 et
1900 1896 2004 1961 ihs
2029 1895 2114 1962 ad
2140 1897 2362 1961 turbas
2378 1895 2459 1960 de
2488 1895 2817 1961 iohannen
2842 1895 2907 1962 lo

488 1914 830 2044 benegixit
846 1979 953 2044 dm
971 1986 1036 2045 et
1052 1985 1193 2044 erat
1206 1999 1382 2044 anna
1396 1999 1511 2062 pro
1520 1977 1647 2062 phe
2692 1980 2909 2063 quitur

1485 2063 1647 2128 tissa
1690 2068 1765 2131 19
1814 2065 2221 2130 Recumbens
2252 2064 2354 2128 ihs
2389 2064 2455 2128 in
2497 2063 2689 2130 domo
2715 2065 2906 2148 phari

403 2150 446 2214 4
486 2150 821 2213 Annorum
857 2163 963 2213 ΧΠ
1001 2147 1105 2212 ihs
1140 2147 1203 2211 in
1226 2147 1469 2231 templo
1484 2147 1646 2213 doce
1813 2150 1951 2215 saei
1991 2148 2314 2231 quaedam
2350 2149 2582 2214 mulier
2607 2149 2910 2234 ingressa

486 2233 601 2298 bat
645 2232 937 2299 seniores
1812 2234 2102 2300 lacrimis
2139 2232 2306 2298 lauit
2337 2232 2542 2317 pedes
2576 2234 2714 2300 eius
2740 2244 2804 2300 et
2829 2255 2909 2301 ca

401 2320 444 2384 5
489 2318 818 2384 Iohannes
848 2317 1141 2402 baptizat
1162 2317 1408 2400 populu
1426 2317 1645 2400 baptis
1812 2319 1993 2403 pillis
2038 2326 2304 2403 tergens
2352 2319 2767 2384 osculabatur

1085 2402 1196 2466 mli
1243 2402 1644 2486 paenitentiae
1810 2412 1877 2470 et
1920 2404 2253 2494 unquebat
2295 2410 2628 2487 unguento

389 2489 429 2551 6
472 2487 853 2571 Baptizatus
868 2486 1642 2552 autemihsabiohannen
1681 2490 1767 2552 20
1805 2489 2124 2573 Proponit
2165 2488 2289 2554 dns
2333 2488 2714 2571 parabolam
2762 2508 2832 2553 se

367 2613 381 2626 ·
490 2573 614 2637 fuit
648 2572 786 2645 fere
819 2591 1133 2637 annorum
1168 2586 1319 2636 XXX
1356 2571 1526 2654 quod
1560 2593 1647 2656 pu
1812 2574 2125 2640 minantis
2151 2581 2215 2638 et
2239 2573 2544 2656 adaperit
2566 2595 2712 2639 eam
2738 2572 2904 2638 disci

492 2658 755 2723 tabatur
794 2676 939 2722 esse
971 2657 1174 2722 filium
1215 2656 1444 2740 ioseph
1482 2664 1548 2724 et
1578 2659 1643 2722 in
1812 2659 1984 2743 pulis
2009 2659 2145 2725 suis
2162 2659 2779 2725 etnuntiabanturei
2800 2679 2909 2725 ma

491 2741 934 2826 supereriores
950 2748 1172 2825 patres
1201 2743 1503 2824 usquead
1520 2742 1649 2808 ada
1809 2751 1910 2810 ter
1954 2753 2019 2810 et
2063 2744 2299 2810 fratres
2346 2743 2486 2810 eius
2540 2743 2696 2828 quia
2745 2743 2905 2809 foris

487 2834 553 2893 et
587 2828 792 2893 filium
829 2826 897 2891 di
933 2833 999 2892 et
1031 2828 1095 2892 in
1134 2826 1395 2893 deserto
1433 2827 1648 2928 ageba
1810 2836 2062 2895 starent

486 2918 590 2978 tur
628 2933 669 2979 a
713 2911 977 2977 diabolo
1024 2919 1379 2995 temptatus
1426 2913 1556 2979 iem
1677 2915 1748 2978 21
1802 2913 2391 2981 Dormienteihuin
2410 2911 2908 2979 nauiculafacta

489 2997 673 3063 nauit
715 2996 1158 3081 quadraginta
1202 2997 1431 3062 diebus
1778 3005 2137 3084 tempestas
2153 2998 2907 3083 etrogatusadiscipulis

404 3085 440 3148 7
489 3084 563 3147 In
580 3083 938 3167 n[a]zareth
954 3082 1118 3167 legit
1141 3082 1246 3147 ihs
1274 3082 1508 3147 librum
1529 3101 1645 3149 esa
1807 3085 2190 3169 conpescuit
2253 3090 2518 3149 uentum
2592 3091 2657 3150 et
2723 3103 2904 3149 mare

486 3168 593 3234 iae
654 3167 1014 3317 prophetae
1061 3174 1128 3233 et
1169 3166 1339 3232 dixit
1374 3187 1502 3232 non
1543 3174 1644 3233 est
1678 3170 1762 3235 22
1806 3170 2168 3253 Inregione
2186 3188 2651 3253 gerasenorum
2670 3169 2904 3234 daemo

531 3273 649 3336 rop
700 3260 810 3319 eta
843 3259 1150 3336 acceptus
1188 3252 1253 3317 in
1280 3251 1500 3337 patria
1524 3272 1643 3318 sua
1804 3254 2251 3337 niorumlegio
2264 3253 2597 3336 rogatihffi
2614 3260 2903 3319 utexeun

398 3338 438 3402 8
516 3359 557 3402 n
583 3358 996 3422 synagogam
1021 3337 1351 3403 hominem
1381 3337 1595 3402 haben
1800 3347 1901 3405 tes
1925 3339 2006 3404 de
2030 3339 2358 3404 hominem
2387 3338 2557 3403 irent
2588 3338 2653 3402 in
2669 3357 2903 3421 porcos

483 3429 613 3488 tem
662 3421 1078 3488 daemonium
1118 3422 1462 3488 mundauit
1675 3421 1759 3485 23
1793 3424 2032 3489 Filiam
2049 3422 2903 3507 principisrescuscitatdfis

399 3508 439 3572 9
485 3507 819 3591 Apostolis
864 3506 1026 3572 dicit
1068 3507 1171 3572 ihs
1211 3506 1432 3573 uenite
1471 3513 1536 3571 et
1575 3507 1643 3572 fa
1804 3515 1871 3573 et
1894 3508 2230 3574 mulierem
2256 3527 2296 3570 a
2323 3506 2642 3589 profluuio
2666 3507 2905 3591 sangui

485 3591 653 3658 ciam
690 3612 809 3657 uos
844 3590 1639 3676 fieripiscatoreshomini*
1804 3593 1907 3658 nis
1951 3592 2237 3658 saluauit

363 3677 442 3743 10
484 3676 769 3760 Rogauit
811 3676 944 3741 ihm
989 3678 1288 3761 leprosus
1335 3684 1400 3741 et
1445 3696 1595 3741 mun
1675 3677 1760 3740 24
1804 3680 2202 3743 Potestatem
2223 3674 2902 3759 deditdfisdiscipulis

482 3761 669 3827 dauit
712 3782 858 3828 eum
1803 3761 2153 3829 daemonia
2179 3761 2438 3844 expelle
2463 3769 2529 3827 et
2551 3763 2902 3845 languores

360 3849 434 3912 11
479 3846 923 3932 Paralyticum
990 3845 1244 3912 curauit
1302 3844 1426 3911 dns
1488 3845 1596 3928 qui
1802 3868 2040 3914 sanare
2086 3852 2153 3912 et
2196 3853 2418 3911 cetera

482 3931 745 3998 tolleret
788 3939 1132 4016 grauatum
1178 3948 1362 3996 suum
1413 3930 1577 3995 abiit
1675 3931 1758 3997 25
1805 3934 1906 3999 De
1923 3930 2904 4016 quinquepanib'etduobuspis

482 4015 550 4081 in
597 4016 857 4081 domum
915 4010 1099 4082 suam
1805 4019 1987 4084 cibus
2011 4017 2083 4082 in
2112 4018 2395 4101 quinque
2422 4015 2903 4081 miliauirorum

359 4101 437 4167 12
479 4100 753 4168 Secutus
799 4107 901 4167 est
945 4101 1099 4166 dnm
1148 4099 1535 4185 publicanus
1675 4101 1759 4165 26
1804 4101 2218 4186 Interogauit
2250 4101 2353 4166 ihs
2389 4100 2746 4187 discipulos
2779 4111 2903 4182 que

482 4186 745 4252 nomine
789 4186 962 4252 leuui
1007 4194 1072 4253 et
1105 4185 1276 4252 dixit
1310 4184 1414 4250 ihs
1450 4205 1639 4250 nemo
1805 4208 1951 4253 eum
1992 4207 2137 4253 esse
2174 4186 2470 4252 dicerent
2503 4192 2569 4250 et
2603 4184 2772 4248 dixit
2794 4185 2903 4267 qui

482 4271 684 4336 mittit
719 4272 940 4336 uinum
965 4291 1203 4337 nouum
1221 4270 1287 4335 in
1303 4276 1479 4335 utres
1491 4275 1639 4335 uete
1775 4274 1917 4338 uult
1932 4271 2121 4338 tollat
2135 4291 2387 4336 crucem
2404 4277 2469 4335 et
2483 4277 2787 4352 sequatur
2800 4290 2904 4335 me

1534 4373 1640 4419 res

358 4441 435 4505 13
482 4441 907 4521 Diesabbati
954 4437 1262 4523 discipuli
1308 4438 1641 4503 uellebant

479 4527 698 4610 spicas
740 4534 804 4592 et
837 4524 1325 4593 manducabant
1359 4531 1425 4588 et
1457 4523 1521 4587 in
1562 4543 1639 4607 sy

480 4614 879 4696 nagogam[!]
932 4609 1186 4677 curauit
1241 4608 1569 4673 hominem

482 4695 819 4763 dexteram
867 4704 1067 4761 manu
1117 4693 1303 4760 arida
1355 4693 1638 4758 habente
