<?xml version="1.0" encoding="UTF-8"?>
<!DOCTYPE html PUBLIC "-//W3C//DTD XHTML 1.0 Transitional//EN"
    "http://www.w3.org/TR/xhtml1/DTD/xhtml1-transitional.dtd">
<html xmlns="http://www.w3.org/1999/xhtml" xml:lang="en" lang="en">
 <head>
  <title>
</title>
<meta http-equiv="Content-Type" content="text/html;charset=utf-8" />
  <meta name='ocr-system' content='tesseract 3.04.00' />
  <meta name='ocr-capabilities' content='ocr_page ocr_carea ocr_par ocr_line ocrx_word'/>
</head>
<body>
  <div class='ocr_page' id='page_1' title='image "./codexaureussive00belsgoog_0197.png"; bbox 0 0 3634 5717; ppageno 0'>
   <div class='ocr_carea' id='block_1_1' title="bbox 408 677 653 743">
    <p class='ocr_par' dir='ltr' id='par_1_1' title="bbox 408 677 653 743">
     <span class='ocr_line' id='line_1_1' title="bbox 408 677 653 743; baseline 0.004 -1"><span class='ocrx_word' id='word_1_1' title='bbox 408 677 526 742; x_wconf 85' lang='lat' dir='ltr'><strong>Fol</strong></span> <span class='ocrx_word' id='word_1_2' title='bbox 573 678 653 743; x_wconf 84' lang='lat'><strong>67</strong></span> 
     </span>
    </p>
   </div>
   <div class='ocr_carea' id='block_1_2' title="bbox 438 879 522 944">
    <p class='ocr_par' dir='ltr' id='par_1_2' title="bbox 438 879 522 944">
     <span class='ocr_line' id='line_1_2' title="bbox 438 879 522 944; baseline 0 0"><span class='ocrx_word' id='word_1_3' title='bbox 438 879 522 944; x_wconf 81' lang='lat'><strong>25</strong></span> 
     </span>
    </p>
   </div>
   <div class='ocr_carea' id='block_1_3' title="bbox 438 1322 524 1389">
    <p class='ocr_par' dir='ltr' id='par_1_3' title="bbox 438 1322 524 1389">
     <span class='ocr_line' id='line_1_3' title="bbox 438 1322 524 1389; baseline 0.023 -2"><span class='ocrx_word' id='word_1_4' title='bbox 438 1322 524 1389; x_wconf 81' lang='lat'><strong>26</strong></span> 
     </span>
    </p>
   </div>
   <div class='ocr_carea' id='block_1_4' title="bbox 435 1946 517 2011">
    <p class='ocr_par' dir='ltr' id='par_1_4' title="bbox 435 1946 517 2011">
     <span class='ocr_line' id='line_1_4' title="bbox 435 1946 517 2011; baseline 0 0"><span class='ocrx_word' id='word_1_5' title='bbox 435 1946 517 2011; x_wconf 80' lang='lat'><strong>27</strong></span> 
     </span>
    </p>
   </div>
   <div class='ocr_carea' id='block_1_5' title="bbox 405 2862 549 2991">
    <p class='ocr_par' dir='ltr' id='par_1_5' title="bbox 405 2862 549 2991">
     <span class='ocr_line' id='line_1_5' title="bbox 434 2862 518 2927; baseline 0.012 -1"><span class='ocrx_word' id='word_1_6' title='bbox 434 2862 518 2927; x_wconf 83' lang='lat'><strong>28</strong></span> 
     </span>
     <span class='ocr_line' id='line_1_6' title="bbox 405 2948 549 2991; baseline 0 -1"><span class='ocrx_word' id='word_1_7' title='bbox 405 2960 475 2991; x_wconf 78' lang='lat' dir='ltr'><strong>mr</strong></span> <span class='ocrx_word' id='word_1_8' title='bbox 498 2948 549 2990; x_wconf 82' lang='lat'><strong>34</strong></span> 
     </span>
    </p>
   </div>
   <div class='ocr_carea' id='block_1_6' title="bbox 604 856 1439 2801">
    <p class='ocr_par' dir='ltr' id='par_1_6' title="bbox 604 856 1439 2801">
     <span class='ocr_line' id='line_1_7' title="bbox 610 856 1401 965; baseline 0.003 -20"><span class='ocrx_word' id='word_1_9' title='bbox 610 885 677 945; x_wconf 86' lang='lat' dir='ltr'><strong>et</strong></span> <span class='ocrx_word' id='word_1_10' title='bbox 718 878 777 944; x_wconf 91' lang='lat' dir='ltr'><strong>si</strong></span> <span class='ocrx_word' id='word_1_11' title='bbox 816 856 1046 945; x_wconf 77' lang='lat' dir='ltr'><strong>domus</strong></span> <span class='ocrx_word' id='word_1_12' title='bbox 1090 899 1288 965; x_wconf 82' lang='lat' dir='ltr'><strong>snper</strong></span> <span class='ocrx_word' id='word_1_13' title='bbox 1328 901 1401 947; x_wconf 87' lang='lat' dir='ltr'><strong>se</strong></span> 
     </span>
     <span class='ocr_line' id='line_1_8' title="bbox 610 1030 1408 1117; baseline 0 -20"><span class='ocrx_word' id='word_1_14' title='bbox 610 1039 746 1098; x_wconf 89' lang='lat' dir='ltr'><strong>met</strong></span> <span class='ocrx_word' id='word_1_15' title='bbox 788 1031 935 1117; x_wconf 62' lang='lat' dir='ltr'><strong>ipsa</strong></span> <span class='ocrx_word' id='word_1_16' title='bbox 976 1030 1408 1116; x_wconf 69' lang='lat' dir='ltr'><strong>dispertiatur</strong></span> 
     </span>
     <span class='ocr_line' id='line_1_9' title="bbox 610 1183 1371 1268; baseline 0.003 -21"><span class='ocrx_word' id='word_1_17' title='bbox 610 1203 741 1248; x_wconf 91' lang='lat' dir='ltr'><strong>non</strong></span> <span class='ocrx_word' id='word_1_18' title='bbox 788 1190 1004 1268; x_wconf 87' lang='lat' dir='ltr'><strong>potest</strong></span> <span class='ocrx_word' id='word_1_19' title='bbox 1047 1183 1279 1251; x_wconf 87' lang='lat' dir='ltr'><strong>domus</strong></span> <span class='ocrx_word' id='word_1_20' title='bbox 1326 1185 1371 1249; x_wconf 90' lang='lat' dir='ltr'><strong>il</strong></span> 
     </span>
     <span class='ocr_line' id='line_1_10' title="bbox 608 1335 1425 1404; baseline 0.005 -5"><span class='ocrx_word' id='word_1_21' title='bbox 608 1335 677 1400; x_wconf 85' lang='lat' dir='ltr'><strong>la</strong></span> <span class='ocrx_word' id='word_1_22' title='bbox 720 1342 897 1402; x_wconf 84' lang='lat' dir='ltr'><strong>stare</strong></span> <span class='ocrx_word' id='word_1_23' title='bbox 943 1342 1009 1403; x_wconf 89' lang='lat' dir='ltr'><strong>et</strong></span> <span class='ocrx_word' id='word_1_24' title='bbox 1048 1338 1107 1403; x_wconf 87' lang='lat' dir='ltr'><strong>si</strong></span> <span class='ocrx_word' id='word_1_25' title='bbox 1153 1345 1425 1404; x_wconf 79' lang='lat' dir='ltr'><strong>satanas</strong></span> 
     </span>
     <span class='ocr_line' id='line_1_11' title="bbox 607 1488 1315 1557; baseline 0.008 -6"><span class='ocrx_word' id='word_1_26' title='bbox 607 1488 1087 1554; x_wconf 78' lang='lat' dir='ltr'><strong>consurrexerit</strong></span> <span class='ocrx_word' id='word_1_27' title='bbox 1130 1488 1198 1555; x_wconf 90' lang='lat' dir='ltr'><strong>in</strong></span> <span class='ocrx_word' id='word_1_28' title='bbox 1244 1508 1315 1557; x_wconf 90' lang='lat' dir='ltr'><strong>se</strong></span> 
     </span>
     <span class='ocr_line' id='line_1_12' title="bbox 609 1639 1366 1725; baseline 0.007 -23"><span class='ocrx_word' id='word_1_29' title='bbox 609 1643 742 1704; x_wconf 88' lang='lat' dir='ltr'><strong>met</strong></span> <span class='ocrx_word' id='word_1_30' title='bbox 785 1639 935 1724; x_wconf 79' lang='lat' dir='ltr'><strong>ipsfi</strong></span> <span class='ocrx_word' id='word_1_31' title='bbox 981 1640 1366 1725; x_wconf 85' lang='lat' dir='ltr'><strong>dispertitus</strong></span> 
     </span>
     <span class='ocr_line' id='line_1_13' title="bbox 608 1795 1403 1877; baseline 0.008 -23"><span class='ocrx_word' id='word_1_32' title='bbox 608 1795 710 1854; x_wconf 86' lang='lat' dir='ltr'><strong>est</strong></span> <span class='ocrx_word' id='word_1_33' title='bbox 752 1797 821 1857; x_wconf 91' lang='lat' dir='ltr'><strong>et</strong></span> <span class='ocrx_word' id='word_1_34' title='bbox 861 1812 990 1857; x_wconf 89' lang='lat' dir='ltr'><strong>non</strong></span> <span class='ocrx_word' id='word_1_35' title='bbox 1036 1798 1255 1877; x_wconf 86' lang='lat' dir='ltr'><strong>potest</strong></span> <span class='ocrx_word' id='word_1_36' title='bbox 1297 1801 1403 1859; x_wconf 78' lang='lat' dir='ltr'><strong>sta</strong></span> 
     </span>
     <span class='ocr_line' id='line_1_14' title="bbox 607 1942 1386 2013; baseline 0.006 -6"><span class='ocrx_word' id='word_1_37' title='bbox 607 1963 677 2009; x_wconf 88' lang='lat' dir='ltr'><strong>re</strong></span> <span class='ocrx_word' id='word_1_38' title='bbox 722 1942 841 2009; x_wconf 86' lang='lat' dir='ltr'><strong>sed</strong></span> <span class='ocrx_word' id='word_1_39' title='bbox 887 1943 1016 2011; x_wconf 73' lang='lat' dir='ltr'><strong>fine</strong></span> <span class='ocrx_word' id='word_1_40' title='bbox 1061 1945 1260 2013; x_wconf 81' lang='lat' dir='ltr'><strong>babet</strong></span> <span class='ocrx_word' id='word_1_41' title='bbox 1302 1966 1386 2012; x_wconf 87' lang='lat' dir='ltr'><strong>ne</strong></span> 
     </span>
     <span class='ocr_line' id='line_1_15' title="bbox 606 2098 1328 2182; baseline 0 -19"><span class='ocrx_word' id='word_1_42' title='bbox 606 2118 712 2163; x_wconf 90' lang='lat' dir='ltr'><strong>mo</strong></span> <span class='ocrx_word' id='word_1_43' title='bbox 757 2103 977 2182; x_wconf 90' lang='lat' dir='ltr'><strong>potest</strong></span> <span class='ocrx_word' id='word_1_44' title='bbox 1020 2116 1184 2163; x_wconf 78' lang='lat' dir='ltr'><strong>nasa</strong></span> <span class='ocrx_word' id='word_1_45' title='bbox 1227 2098 1328 2163; x_wconf 83' lang='lat' dir='ltr'><strong>sor</strong></span> 
     </span>
     <span class='ocr_line' id='line_1_16' title="bbox 606 2247 1426 2333; baseline 0.001 -19"><span class='ocrx_word' id='word_1_46' title='bbox 606 2249 691 2315; x_wconf 90' lang='lat' dir='ltr'><strong>tis</strong></span> <span class='ocrx_word' id='word_1_47' title='bbox 736 2249 1073 2333; x_wconf 82' lang='lat' dir='ltr'><strong>ingressus</strong></span> <span class='ocrx_word' id='word_1_48' title='bbox 1117 2248 1184 2313; x_wconf 91' lang='lat' dir='ltr'><strong>in</strong></span> <span class='ocrx_word' id='word_1_49' title='bbox 1231 2247 1426 2315; x_wconf 74' lang='lat' dir='ltr'><strong>domir</strong></span> 
     </span>
     <span class='ocr_line' id='line_1_17' title="bbox 606 2398 1439 2486; baseline 0 -23"><span class='ocrx_word' id='word_1_50' title='bbox 606 2398 893 2486; x_wconf 79' lang='lat' dir='ltr'><strong>diripere</strong></span> <span class='ocrx_word' id='word_1_51' title='bbox 938 2400 1067 2466; x_wconf 87' lang='lat' dir='ltr'><strong>nisi</strong></span> <span class='ocrx_word' id='word_1_52' title='bbox 1114 2400 1294 2484; x_wconf 89' lang='lat' dir='ltr'><strong>prins</strong></span> <span class='ocrx_word' id='word_1_53' title='bbox 1338 2401 1439 2466; x_wconf 84' lang='lat' dir='ltr'><strong>sor</strong></span> 
     </span>
     <span class='ocr_line' id='line_1_18' title="bbox 605 2551 1315 2640; baseline 0 -23"><span class='ocrx_word' id='word_1_54' title='bbox 605 2558 735 2617; x_wconf 89' lang='lat' dir='ltr'><strong>tem</strong></span> <span class='ocrx_word' id='word_1_55' title='bbox 780 2551 1013 2637; x_wconf 81' lang='lat' dir='ltr'><strong>alliget</strong></span> <span class='ocrx_word' id='word_1_56' title='bbox 1055 2558 1124 2619; x_wconf 89' lang='lat' dir='ltr'><strong>et</strong></span> <span class='ocrx_word' id='word_1_57' title='bbox 1161 2559 1315 2640; x_wconf 84' lang='lat' dir='ltr'><strong>tunc</strong></span> 
     </span>
     <span class='ocr_line' id='line_1_19' title="bbox 604 2702 1368 2801; baseline 0.005 -34"><span class='ocrx_word' id='word_1_58' title='bbox 604 2702 865 2801; x_wconf 75' lang='lat' dir='ltr'><strong>demum</strong></span> <span class='ocrx_word' id='word_1_59' title='bbox 911 2704 1052 2769; x_wconf 87' lang='lat' dir='ltr'><strong>eius</strong></span> <span class='ocrx_word' id='word_1_60' title='bbox 1096 2702 1368 2789; x_wconf 86' lang='lat' dir='ltr'><strong>diripiet</strong></span> 
     </span>
    </p>
   </div>
   <div class='ocr_carea' id='block_1_7' title="bbox 604 2855 1416 2939">
    <p class='ocr_par' dir='ltr' id='par_1_7' title="bbox 604 2855 1416 2939">
     <span class='ocr_line' id='line_1_20' title="bbox 604 2855 1416 2939; baseline 0.002 -20"><span class='ocrx_word' id='word_1_61' title='bbox 604 2856 812 2923; x_wconf 87' lang='lat' dir='ltr'><strong>Amen</strong></span> <span class='ocrx_word' id='word_1_62' title='bbox 859 2855 1008 2922; x_wconf 91' lang='lat' dir='ltr'><strong>dico</strong></span> <span class='ocrx_word' id='word_1_63' title='bbox 1054 2856 1243 2922; x_wconf 88' lang='lat' dir='ltr'><strong>uobis</strong></span> <span class='ocrx_word' id='word_1_64' title='bbox 1288 2869 1416 2939; x_wconf 69' lang='lat' dir='ltr'>qus)</span> 
     </span>
    </p>
   </div>
   <div class='ocr_carea' id='block_1_8' title="bbox 404 3000 1280 3094">
    <p class='ocr_par' dir='ltr' id='par_1_8' title="bbox 404 3000 1280 3094">
     <span class='ocr_line' id='line_1_21' title="bbox 404 3000 1280 3094; baseline 0.001 -22"><span class='ocrx_word' id='word_1_65' title='bbox 404 3000 573 3094; x_wconf 57' lang='lat' dir='ltr'>mt²127</span> <span class='ocrx_word' id='word_1_66' title='bbox 606 3007 828 3073; x_wconf 79' lang='lat' dir='ltr'><strong>omnia</strong></span> <span class='ocrx_word' id='word_1_67' title='bbox 869 3006 1280 3075; x_wconf 84' lang='lat' dir='ltr'><strong>dimittentur</strong></span> 
     </span>
    </p>
   </div>
   <div class='ocr_carea' id='block_1_9' title="bbox 404 3101 547 3145">
    <p class='ocr_par' dir='ltr' id='par_1_9' title="bbox 404 3101 547 3145">
     <span class='ocr_line' id='line_1_22' title="bbox 404 3101 547 3145; baseline 0.014 -2"><span class='ocrx_word' id='word_1_68' title='bbox 404 3102 445 3143; x_wconf 76' lang='lat' dir='ltr'><strong>l(-</strong></span> <span class='ocrx_word' id='word_1_69' title='bbox 471 3101 547 3145; x_wconf 78' lang='lat'><strong>147</strong></span> 
     </span>
    </p>
   </div>
   <div class='ocr_carea' id='block_1_10' title="bbox 436 3475 519 3539">
    <p class='ocr_par' dir='ltr' id='par_1_10' title="bbox 436 3475 519 3539">
     <span class='ocr_line' id='line_1_23' title="bbox 436 3475 519 3539; baseline 0 0"><span class='ocrx_word' id='word_1_70' title='bbox 436 3475 519 3539; x_wconf 80' lang='lat'><strong>29</strong></span> 
     </span>
    </p>
   </div>
   <div class='ocr_carea' id='block_1_11' title="bbox 433 4235 519 4299">
    <p class='ocr_par' dir='ltr' id='par_1_11' title="bbox 433 4235 519 4299">
     <span class='ocr_line' id='line_1_24' title="bbox 433 4235 519 4299; baseline 0 0"><span class='ocrx_word' id='word_1_71' title='bbox 433 4235 519 4299; x_wconf 86' lang='lat'><strong>30</strong></span> 
     </span>
    </p>
   </div>
   <div class='ocr_carea' id='block_1_12' title="bbox 401 4528 548 4705">
    <p class='ocr_par' dir='ltr' id='par_1_12' title="bbox 401 4528 548 4705">
     <span class='ocr_line' id='line_1_25' title="bbox 401 4528 548 4705; baseline -0.02 -51"><span class='ocrx_word' id='word_1_72' title='bbox 401 4528 548 4705; x_wconf 52' lang='lat'><strong>13:35»</strong></span> 
     </span>
    </p>
   </div>
   <div class='ocr_carea' id='block_1_13' title="bbox 602 3159 1440 4461">
    <p class='ocr_par' dir='ltr' id='par_1_13' title="bbox 602 3159 1440 4461">
     <span class='ocr_line' id='line_1_26' title="bbox 605 3159 1396 3245; baseline 0.005 -20"><span class='ocrx_word' id='word_1_73' title='bbox 605 3159 761 3225; x_wconf 89' lang='lat' dir='ltr'><strong>filiis</strong></span> <span class='ocrx_word' id='word_1_74' title='bbox 802 3160 1073 3227; x_wconf 69' lang='lat' dir='ltr'><strong>hominii</strong></span> <span class='ocrx_word' id='word_1_75' title='bbox 1118 3167 1396 3245; x_wconf 78' lang='lat' dir='ltr'><strong>peccata</strong></span> 
     </span>
     <span class='ocr_line' id='line_1_27' title="bbox 606 3312 1381 3397; baseline 0 -19"><span class='ocrx_word' id='word_1_76' title='bbox 606 3318 673 3378; x_wconf 87' lang='lat' dir='ltr'><strong>et</strong></span> <span class='ocrx_word' id='word_1_77' title='bbox 714 3312 1165 3397; x_wconf 79' lang='lat' dir='ltr'><strong>blasphemiae</strong></span> <span class='ocrx_word' id='word_1_78' title='bbox 1209 3312 1381 3396; x_wconf 87' lang='lat' dir='ltr'><strong>quib&#39;</strong></span> 
     </span>
     <span class='ocr_line' id='line_1_28' title="bbox 605 3463 1380 3548; baseline 0.003 -21"><span class='ocrx_word' id='word_1_79' title='bbox 605 3463 1227 3548; x_wconf 81' lang='lat' dir='ltr'><strong>blaspbemauernnt</strong></span> <span class='ocrx_word' id='word_1_80' title='bbox 1270 3465 1380 3547; x_wconf 86' lang='lat' dir='ltr'><strong>qvi</strong></span> 
     </span>
     <span class='ocr_line' id='line_1_29' title="bbox 602 3616 1356 3701; baseline 0.007 -22"><span class='ocrx_word' id='word_1_81' title='bbox 602 3621 751 3680; x_wconf 81' lang='lat' dir='ltr'><strong>autc</strong></span> <span class='ocrx_word' id='word_1_82' title='bbox 796 3616 1356 3701; x_wconf 79' lang='lat' dir='ltr'><strong>blasphemauerit</strong></span> 
     </span>
     <span class='ocr_line' id='line_1_30' title="bbox 604 3767 1419 3853; baseline 0.006 -23"><span class='ocrx_word' id='word_1_83' title='bbox 604 3767 669 3832; x_wconf 88' lang='lat' dir='ltr'><strong>in</strong></span> <span class='ocrx_word' id='word_1_84' title='bbox 714 3769 840 3853; x_wconf 81' lang='lat' dir='ltr'><strong>spfi</strong></span> <span class='ocrx_word' id='word_1_85' title='bbox 885 3780 997 3833; x_wconf 71' lang='lat' dir='ltr'><strong>sce</strong></span> <span class='ocrx_word' id='word_1_86' title='bbox 1044 3789 1171 3834; x_wconf 91' lang='lat' dir='ltr'><strong>non</strong></span> <span class='ocrx_word' id='word_1_87' title='bbox 1218 3770 1419 3837; x_wconf 79' lang='lat' dir='ltr'><strong>habet</strong></span> 
     </span>
     <span class='ocr_line' id='line_1_31' title="bbox 604 3919 1332 3986; baseline 0.001 -2"><span class='ocrx_word' id='word_1_88' title='bbox 604 3919 991 3986; x_wconf 76' lang='lat' dir='ltr'><strong>remissione</strong></span> <span class='ocrx_word' id='word_1_89' title='bbox 1036 3919 1101 3986; x_wconf 91' lang='lat' dir='ltr'><strong>in</strong></span> <span class='ocrx_word' id='word_1_90' title='bbox 1149 3926 1332 3986; x_wconf 78' lang='lat' dir='ltr'><strong>aeter</strong></span> 
     </span>
     <span class='ocr_line' id='line_1_32' title="bbox 603 4071 1440 4139; baseline 0.001 -3"><span class='ocrx_word' id='word_1_91' title='bbox 603 4081 693 4136; x_wconf 77' lang='lat' dir='ltr'><strong>nn</strong></span> <span class='ocrx_word' id='word_1_92' title='bbox 736 4071 854 4137; x_wconf 87' lang='lat' dir='ltr'><strong>sed</strong></span> <span class='ocrx_word' id='word_1_93' title='bbox 900 4092 1049 4139; x_wconf 87' lang='lat' dir='ltr'><strong>reus</strong></span> <span class='ocrx_word' id='word_1_94' title='bbox 1093 4072 1220 4139; x_wconf 88' lang='lat' dir='ltr'><strong>erit</strong></span> <span class='ocrx_word' id='word_1_95' title='bbox 1257 4078 1440 4139; x_wconf 77' lang='lat' dir='ltr'><strong>aeter</strong></span> 
     </span>
     <span class='ocr_line' id='line_1_33' title="bbox 604 4222 1397 4325; baseline 0.005 -37"><span class='ocrx_word' id='word_1_96' title='bbox 604 4223 671 4288; x_wconf 93' lang='lat' dir='ltr'><strong>ni</strong></span> <span class='ocrx_word' id='word_1_97' title='bbox 718 4223 943 4290; x_wconf 81' lang='lat' dir='ltr'><strong>delicti</strong></span> <span class='ocrx_word' id='word_1_98' title='bbox 988 4236 1116 4308; x_wconf 74' lang='lat' dir='ltr'><strong>quc</strong></span> <span class='ocrx_word' id='word_1_99' title='bbox 1159 4222 1397 4325; x_wconf 79' lang='lat' dir='ltr'><strong>diceba</strong></span> 
     </span>
     <span class='ocr_line' id='line_1_34' title="bbox 603 4375 1395 4461; baseline 0.001 -21"><span class='ocrx_word' id='word_1_100' title='bbox 603 4381 676 4440; x_wconf 91' lang='lat' dir='ltr'><strong>nt</strong></span> <span class='ocrx_word' id='word_1_101' title='bbox 720 4375 840 4441; x_wconf 79' lang='lat' dir='ltr'><strong>illfi</strong></span> <span class='ocrx_word' id='word_1_102' title='bbox 884 4389 1029 4461; x_wconf 79' lang='lat' dir='ltr'><strong>spffi</strong></span> <span class='ocrx_word' id='word_1_103' title='bbox 1075 4376 1395 4444; x_wconf 78' lang='lat' dir='ltr'><strong>inmundn</strong></span> 
     </span>
    </p>
   </div>
   <div class='ocr_carea' id='block_1_14' title="bbox 603 4526 1290 4596">
    <p class='ocr_par' dir='ltr' id='par_1_14' title="bbox 603 4526 1290 4596">
     <span class='ocr_line' id='line_1_35' title="bbox 603 4526 1290 4596; baseline 0.006 -5"><span class='ocrx_word' id='word_1_104' title='bbox 603 4526 846 4595; x_wconf 81' lang='lat' dir='ltr'><strong>habere</strong></span> <span class='ocrx_word' id='word_1_105' title='bbox 891 4528 973 4593; x_wconf 84' lang='lat' dir='ltr'><strong>Et</strong></span> <span class='ocrx_word' id='word_1_106' title='bbox 1017 4528 1290 4596; x_wconf 87' lang='lat' dir='ltr'><strong>ueniunt</strong></span> 
     </span>
    </p>
   </div>
   <div class='ocr_carea' id='block_1_15' title="bbox 398 4680 1384 4757">
    <p class='ocr_par' dir='ltr' id='par_1_15' title="bbox 398 4680 1384 4757">
     <span class='ocr_line' id='line_1_36' title="bbox 398 4680 1384 4757; baseline -0.002 -9"><span class='ocrx_word' id='word_1_107' title='bbox 398 4717 468 4756; x_wconf 69' lang='lat' dir='ltr'><strong>m</strong></span> <span class='ocrx_word' id='word_1_108' title='bbox 494 4714 566 4757; x_wconf 83' lang='lat'><strong>131</strong></span> <span class='ocrx_word' id='word_1_109' title='bbox 603 4686 813 4746; x_wconf 79' lang='lat' dir='ltr'><strong>mater</strong></span> <span class='ocrx_word' id='word_1_110' title='bbox 855 4680 996 4747; x_wconf 88' lang='lat' dir='ltr'><strong>eius</strong></span> <span class='ocrx_word' id='word_1_111' title='bbox 1041 4686 1109 4747; x_wconf 88' lang='lat' dir='ltr'><strong>et</strong></span> <span class='ocrx_word' id='word_1_112' title='bbox 1152 4682 1384 4748; x_wconf 80' lang='lat' dir='ltr'><strong>fratres</strong></span> 
     </span>
    </p>
   </div>
   <div class='ocr_carea' id='block_1_16' title="bbox 400 4765 524 4809">
    <p class='ocr_par' dir='ltr' id='par_1_16' title="bbox 400 4765 524 4809">
     <span class='ocr_line' id='line_1_37' title="bbox 400 4765 524 4809; baseline 0.016 -2"><span class='ocrx_word' id='word_1_113' title='bbox 400 4765 524 4809; x_wconf 79' lang='lat'><strong>1082</strong></span> 
     </span>
    </p>
   </div>
   <div class='ocr_carea' id='block_1_17' title="bbox 1491 679 1852 746">
    <p class='ocr_par' dir='ltr' id='par_1_17' title="bbox 1491 679 1852 746">
     <span class='ocr_line' id='line_1_38' title="bbox 1491 679 1852 746; baseline 0.006 -3"><span class='ocrx_word' id='word_1_114' title='bbox 1491 679 1852 746; x_wconf 79' lang='lat' dir='ltr'><strong>Mrc34</strong></span> 
     </span>
    </p>
   </div>
   <div class='ocr_carea' id='block_1_18' title="bbox 1873 854 2631 954">
    <p class='ocr_par' dir='ltr' id='par_1_18' title="bbox 1873 854 2631 954">
     <span class='ocr_line' id='line_1_39' title="bbox 1873 854 2631 954; baseline 0.003 -5"><span class='ocrx_word' id='word_1_115' title='bbox 1873 891 1877 895; x_wconf 82' lang='lat'>&#39;</span> <span class='ocrx_word' id='word_1_116' title='bbox 1935 891 2001 950; x_wconf 92' lang='lat' dir='ltr'><strong>et</strong></span> <span class='ocrx_word' id='word_1_117' title='bbox 2044 884 2204 951; x_wconf 88' lang='lat' dir='ltr'><strong>foris</strong></span> <span class='ocrx_word' id='word_1_118' title='bbox 2247 892 2499 954; x_wconf 80' lang='lat' dir='ltr'><strong>stantes</strong></span> <span class='ocrx_word' id='word_1_119' title='bbox 2542 854 2631 952; x_wconf 63' lang='lat' dir='ltr'><strong>ini</strong></span> 
     </span>
    </p>
   </div>
   <div class='ocr_carea' id='block_1_19' title="bbox 1758 1190 1844 1255">
    <p class='ocr_par' dir='ltr' id='par_1_19' title="bbox 1758 1190 1844 1255">
     <span class='ocr_line' id='line_1_40' title="bbox 1758 1190 1844 1255; baseline -0.012 0"><span class='ocrx_word' id='word_1_120' title='bbox 1758 1190 1844 1255; x_wconf 83' lang='lat'><strong>32</strong></span> 
     </span>
    </p>
   </div>
   <div class='ocr_carea' id='block_1_20' title="bbox 1755 1782 1840 1846">
    <p class='ocr_par' dir='ltr' id='par_1_20' title="bbox 1755 1782 1840 1846">
     <span class='ocr_line' id='line_1_41' title="bbox 1755 1782 1840 1846; baseline -0.012 0"><span class='ocrx_word' id='word_1_121' title='bbox 1755 1782 1840 1846; x_wconf 86' lang='lat'><strong>33</strong></span> 
     </span>
    </p>
   </div>
   <div class='ocr_carea' id='block_1_21' title="bbox 1753 2240 1840 2304">
    <p class='ocr_par' dir='ltr' id='par_1_21' title="bbox 1753 2240 1840 2304">
     <span class='ocr_line' id='line_1_42' title="bbox 1753 2240 1840 2304; baseline 0 0"><span class='ocrx_word' id='word_1_122' title='bbox 1753 2240 1840 2304; x_wconf 88' lang='grc'><strong>34</strong></span> 
     </span>
    </p>
   </div>
   <div class='ocr_carea' id='block_1_22' title="bbox 1922 1037 2770 4593">
    <p class='ocr_par' dir='ltr' id='par_1_22' title="bbox 1932 1037 2645 1407">
     <span class='ocr_line' id='line_1_43' title="bbox 1933 1037 2645 1105; baseline 0.003 -4"><span class='ocrx_word' id='word_1_123' title='bbox 1933 1043 2157 1103; x_wconf 87' lang='lat' dir='ltr'><strong>serunt</strong></span> <span class='ocrx_word' id='word_1_124' title='bbox 2203 1037 2289 1104; x_wconf 79' lang='lat' dir='ltr'><strong>ad</strong></span> <span class='ocrx_word' id='word_1_125' title='bbox 2334 1039 2516 1104; x_wconf 90' lang='lat' dir='ltr'><strong>illum</strong></span> <span class='ocrx_word' id='word_1_126' title='bbox 2562 1058 2645 1105; x_wconf 88' lang='lat' dir='ltr'><strong>no</strong></span> 
     </span>
     <span class='ocr_line' id='line_1_44' title="bbox 1932 1189 2606 1258; baseline 0.004 -6"><span class='ocrx_word' id='word_1_127' title='bbox 1932 1194 2158 1253; x_wconf 79' lang='lat' dir='ltr'><strong>cantes</strong></span> <span class='ocrx_word' id='word_1_128' title='bbox 2203 1190 2286 1253; x_wconf 79' lang='lat' dir='ltr'><strong>eti</strong></span> <span class='ocrx_word' id='word_1_129' title='bbox 2331 1189 2606 1258; x_wconf 81' lang='lat' dir='ltr'><strong>sedebat</strong></span> 
     </span>
     <span class='ocr_line' id='line_1_45' title="bbox 1932 1339 2564 1407; baseline 0.005 -3"><span class='ocrx_word' id='word_1_130' title='bbox 1932 1339 2108 1406; x_wconf 80' lang='lat' dir='ltr'><strong>circa</strong></span> <span class='ocrx_word' id='word_1_131' title='bbox 2151 1340 2332 1406; x_wconf 87' lang='lat' dir='ltr'><strong>illum</strong></span> <span class='ocrx_word' id='word_1_132' title='bbox 2372 1341 2564 1407; x_wconf 79' lang='lat' dir='ltr'><strong>turba</strong></span> 
     </span>
    </p>

    <p class='ocr_par' dir='ltr' id='par_1_23' title="bbox 1926 1490 2727 2484">
     <span class='ocr_line' id='line_1_46' title="bbox 1932 1490 2727 1560; baseline 0.006 -5"><span class='ocrx_word' id='word_1_133' title='bbox 1932 1496 1998 1556; x_wconf 88' lang='lat' dir='ltr'><strong>et</strong></span> <span class='ocrx_word' id='word_1_134' title='bbox 2041 1490 2267 1557; x_wconf 87' lang='lat' dir='ltr'><strong>dicunt</strong></span> <span class='ocrx_word' id='word_1_135' title='bbox 2312 1493 2374 1559; x_wconf 87' lang='lat' dir='ltr'><strong>ei</strong></span> <span class='ocrx_word' id='word_1_136' title='bbox 2420 1511 2573 1559; x_wconf 88' lang='lat' dir='ltr'><strong>ecce</strong></span> <span class='ocrx_word' id='word_1_137' title='bbox 2617 1514 2727 1560; x_wconf 76' lang='lat' dir='ltr'><strong>ma</strong></span> 
     </span>
     <span class='ocr_line' id='line_1_47' title="bbox 1931 1642 2713 1710; baseline 0 -2"><span class='ocrx_word' id='word_1_138' title='bbox 1931 1649 2032 1708; x_wconf 89' lang='lat' dir='ltr'><strong>ter</strong></span> <span class='ocrx_word' id='word_1_139' title='bbox 2073 1648 2188 1710; x_wconf 81' lang='lat' dir='ltr'><strong>tua</strong></span> <span class='ocrx_word' id='word_1_140' title='bbox 2232 1649 2298 1708; x_wconf 92' lang='lat' dir='ltr'><strong>et</strong></span> <span class='ocrx_word' id='word_1_141' title='bbox 2336 1642 2573 1710; x_wconf 80' lang='lat' dir='ltr'><strong>fratres</strong></span> <span class='ocrx_word' id='word_1_142' title='bbox 2617 1645 2713 1709; x_wconf 91' lang='lat' dir='ltr'><strong>tui</strong></span> 
     </span>
     <span class='ocr_line' id='line_1_48' title="bbox 1928 1793 2630 1878; baseline 0.003 -20"><span class='ocrx_word' id='word_1_143' title='bbox 1928 1793 2089 1860; x_wconf 86' lang='lat' dir='ltr'><strong>foris</strong></span> <span class='ocrx_word' id='word_1_144' title='bbox 2131 1800 2409 1878; x_wconf 88' lang='lat' dir='ltr'><strong>querunt</strong></span> <span class='ocrx_word' id='word_1_145' title='bbox 2451 1800 2518 1860; x_wconf 86' lang='lat' dir='ltr'><strong>te</strong></span> <span class='ocrx_word' id='word_1_146' title='bbox 2562 1801 2630 1862; x_wconf 89' lang='lat' dir='ltr'><strong>et</strong></span> 
     </span>
     <span class='ocr_line' id='line_1_49' title="bbox 1928 1924 2616 2030; baseline 0.001 -20"><span class='ocrx_word' id='word_1_147' title='bbox 1928 1924 2335 2030; x_wconf 83' lang='lat' dir='ltr'><strong>respondens</strong></span> <span class='ocrx_word' id='word_1_148' title='bbox 2380 1946 2476 2012; x_wconf 89' lang='lat' dir='ltr'><strong>eis</strong></span> <span class='ocrx_word' id='word_1_149' title='bbox 2521 1946 2616 2011; x_wconf 79' lang='lat' dir='ltr'><strong>ait</strong></span> 
     </span>
     <span class='ocr_line' id='line_1_50' title="bbox 1928 2104 2690 2182; baseline 0.001 -18"><span class='ocrx_word' id='word_1_150' title='bbox 1928 2118 2097 2182; x_wconf 78' lang='lat' dir='ltr'><strong>qnae</strong></span> <span class='ocrx_word' id='word_1_151' title='bbox 2142 2104 2245 2164; x_wconf 88' lang='lat' dir='ltr'><strong>est</strong></span> <span class='ocrx_word' id='word_1_152' title='bbox 2288 2104 2498 2164; x_wconf 79' lang='lat' dir='ltr'><strong>mater</strong></span> <span class='ocrx_word' id='word_1_153' title='bbox 2541 2116 2690 2165; x_wconf 81' lang='lat' dir='ltr'><strong>mea</strong></span> 
     </span>
     <span class='ocr_line' id='line_1_51' title="bbox 1926 2247 2698 2316; baseline -0.001 -3"><span class='ocrx_word' id='word_1_154' title='bbox 1926 2254 1992 2314; x_wconf 90' lang='lat' dir='ltr'><strong>et</strong></span> <span class='ocrx_word' id='word_1_155' title='bbox 2036 2250 2271 2316; x_wconf 83' lang='lat' dir='ltr'><strong>fratres</strong></span> <span class='ocrx_word' id='word_1_156' title='bbox 2316 2249 2446 2315; x_wconf 88' lang='lat' dir='ltr'><strong>mei</strong></span> <span class='ocrx_word' id='word_1_157' title='bbox 2491 2255 2573 2315; x_wconf 80' lang='lat' dir='ltr'><strong>et&#39;</strong></span> <span class='ocrx_word' id='word_1_158' title='bbox 2602 2247 2698 2313; x_wconf 91' lang='lat' dir='ltr'><strong>cir</strong></span> 
     </span>
     <span class='ocr_line' id='line_1_52' title="bbox 1926 2399 2609 2484; baseline -0.001 -20"><span class='ocrx_word' id='word_1_159' title='bbox 1926 2399 2300 2484; x_wconf 73' lang='lat' dir='ltr'><strong>cnspiciens</strong></span> <span class='ocrx_word' id='word_1_160' title='bbox 2343 2418 2458 2465; x_wconf 87' lang='lat' dir='ltr'><strong>eos</strong></span> <span class='ocrx_word' id='word_1_161' title='bbox 2499 2399 2609 2482; x_wconf 88' lang='lat' dir='ltr'><strong>qni</strong></span> 
     </span>
    </p>

    <p class='ocr_par' dir='ltr' id='par_1_24' title="bbox 1924 2548 2706 3377">
     <span class='ocr_line' id='line_1_53' title="bbox 1926 2548 2706 2617; baseline 0 -2"><span class='ocrx_word' id='word_1_162' title='bbox 1926 2550 1992 2616; x_wconf 93' lang='lat' dir='ltr'><strong>in</strong></span> <span class='ocrx_word' id='word_1_163' title='bbox 2040 2550 2312 2616; x_wconf 88' lang='lat' dir='ltr'><strong>circuitu</strong></span> <span class='ocrx_word' id='word_1_164' title='bbox 2357 2550 2500 2616; x_wconf 90' lang='lat' dir='ltr'><strong>eius</strong></span> <span class='ocrx_word' id='word_1_165' title='bbox 2546 2548 2706 2617; x_wconf 86' lang='lat' dir='ltr'><strong>sede</strong></span> 
     </span>
     <span class='ocr_line' id='line_1_54' title="bbox 1928 2703 2677 2769; baseline -0.003 -1"><span class='ocrx_word' id='word_1_166' title='bbox 1928 2703 2087 2769; x_wconf 80' lang='lat' dir='ltr'><strong>bant</strong></span> <span class='ocrx_word' id='word_1_167' title='bbox 2131 2703 2227 2769; x_wconf 80' lang='lat' dir='ltr'><strong>ait</strong></span> <span class='ocrx_word' id='word_1_168' title='bbox 2266 2722 2419 2768; x_wconf 86' lang='lat' dir='ltr'><strong>ecce</strong></span> <span class='ocrx_word' id='word_1_169' title='bbox 2466 2708 2677 2768; x_wconf 79' lang='lat' dir='ltr'><strong>mater</strong></span> 
     </span>
     <span class='ocr_line' id='line_1_55' title="bbox 1927 2854 2633 2922; baseline 0 -3"><span class='ocrx_word' id='word_1_170' title='bbox 1927 2874 2076 2921; x_wconf 80' lang='lat' dir='ltr'><strong>mea</strong></span> <span class='ocrx_word' id='word_1_171' title='bbox 2119 2860 2186 2921; x_wconf 90' lang='lat' dir='ltr'><strong>et</strong></span> <span class='ocrx_word' id='word_1_172' title='bbox 2226 2854 2462 2922; x_wconf 81' lang='lat' dir='ltr'><strong>fratres</strong></span> <span class='ocrx_word' id='word_1_173' title='bbox 2505 2854 2633 2921; x_wconf 89' lang='lat' dir='ltr'><strong>mei</strong></span> 
     </span>
     <span class='ocr_line' id='line_1_56' title="bbox 1925 3006 2650 3089; baseline -0.004 -16"><span class='ocrx_word' id='word_1_174' title='bbox 1925 3007 2034 3089; x_wconf 89' lang='lat' dir='ltr'><strong>qui</strong></span> <span class='ocrx_word' id='word_1_175' title='bbox 2074 3008 2250 3075; x_wconf 88' lang='lat' dir='ltr'><strong>enim</strong></span> <span class='ocrx_word' id='word_1_176' title='bbox 2291 3006 2523 3074; x_wconf 83' lang='lat' dir='ltr'><strong>fecerit</strong></span> <span class='ocrx_word' id='word_1_177' title='bbox 2565 3026 2650 3073; x_wconf 89' lang='lat' dir='ltr'><strong>no</strong></span> 
     </span>
     <span class='ocr_line' id='line_1_57' title="bbox 1925 3158 2676 3226; baseline 0.003 -4"><span class='ocrx_word' id='word_1_178' title='bbox 1925 3159 2244 3226; x_wconf 77' lang='lat' dir='ltr'><strong>luntatem</strong></span> <span class='ocrx_word' id='word_1_179' title='bbox 2288 3158 2357 3224; x_wconf 85' lang='lat' dir='ltr'><strong>di</strong></span> <span class='ocrx_word' id='word_1_180' title='bbox 2403 3158 2511 3225; x_wconf 89' lang='lat' dir='ltr'><strong>hic</strong></span> <span class='ocrx_word' id='word_1_181' title='bbox 2554 3168 2676 3224; x_wconf 89' lang='lat' dir='ltr'><strong>me&#39;</strong></span> 
     </span>
     <span class='ocr_line' id='line_1_58' title="bbox 1924 3312 2580 3377; baseline -0.005 0"><span class='ocrx_word' id='word_1_182' title='bbox 1924 3330 2001 3377; x_wconf 89' lang='lat' dir='ltr'><strong>us</strong></span> <span class='ocrx_word' id='word_1_183' title='bbox 2045 3312 2247 3377; x_wconf 79' lang='lat' dir='ltr'><strong>frater</strong></span> <span class='ocrx_word' id='word_1_184' title='bbox 2286 3317 2354 3377; x_wconf 88' lang='lat' dir='ltr'><strong>et</strong></span> <span class='ocrx_word' id='word_1_185' title='bbox 2395 3329 2580 3376; x_wconf 89' lang='lat' dir='ltr'><strong>soror</strong></span> 
     </span>
    </p>

    <p class='ocr_par' dir='ltr' id='par_1_25' title="bbox 1925 3468 2391 3529">
     <span class='ocr_line' id='line_1_59' title="bbox 1925 3468 2391 3529; baseline -0.002 -1"><span class='ocrx_word' id='word_1_186' title='bbox 1925 3469 1993 3528; x_wconf 91' lang='lat' dir='ltr'><strong>et</strong></span> <span class='ocrx_word' id='word_1_187' title='bbox 2037 3469 2246 3529; x_wconf 79' lang='lat' dir='ltr'><strong>mater</strong></span> <span class='ocrx_word' id='word_1_188' title='bbox 2288 3468 2391 3527; x_wconf 90' lang='lat' dir='ltr'><strong>est</strong></span> 
     </span>
    </p>

    <p class='ocr_par' dir='ltr' id='par_1_26' title="bbox 1922 3612 2624 4001">
     <span class='ocr_line' id='line_1_60' title="bbox 1927 3612 2552 3697; baseline 0 -20"><span class='ocrx_word' id='word_1_189' title='bbox 1927 3614 2010 3678; x_wconf 86' lang='lat' dir='ltr'><strong>Et</strong></span> <span class='ocrx_word' id='word_1_190' title='bbox 2052 3613 2286 3680; x_wconf 88' lang='lat' dir='ltr'><strong>iterum</strong></span> <span class='ocrx_word' id='word_1_191' title='bbox 2332 3612 2552 3697; x_wconf 90' lang='lat' dir='ltr'><strong>coepit</strong></span> 
     </span>
     <span class='ocr_line' id='line_1_61' title="bbox 1925 3763 2624 3831; baseline 0 -1"><span class='ocrx_word' id='word_1_192' title='bbox 1925 3763 2163 3830; x_wconf 89' lang='lat' dir='ltr'><strong>docere</strong></span> <span class='ocrx_word' id='word_1_193' title='bbox 2205 3763 2293 3831; x_wconf 81' lang='lat' dir='ltr'><strong>ad</strong></span> <span class='ocrx_word' id='word_1_194' title='bbox 2336 3784 2517 3830; x_wconf 79' lang='lat' dir='ltr'><strong>mare</strong></span> <span class='ocrx_word' id='word_1_195' title='bbox 2558 3770 2624 3830; x_wconf 88' lang='lat' dir='ltr'><strong>et</strong></span> 
     </span>
     <span class='ocr_line' id='line_1_62' title="bbox 1922 3914 2595 4001; baseline 0 -20"><span class='ocrx_word' id='word_1_196' title='bbox 1922 3922 2330 4001; x_wconf 78' lang='lat' dir='ltr'><strong>congregata</strong></span> <span class='ocrx_word' id='word_1_197' title='bbox 2369 3922 2472 3982; x_wconf 87' lang='lat' dir='ltr'><strong>est</strong></span> <span class='ocrx_word' id='word_1_198' title='bbox 2509 3914 2595 3982; x_wconf 78' lang='lat' dir='ltr'><strong>ad</strong></span> 
     </span>
    </p>

    <p class='ocr_par' dir='ltr' id='par_1_27' title="bbox 1923 4067 2770 4593">
     <span class='ocr_line' id='line_1_63' title="bbox 1923 4067 2741 4135; baseline -0.005 0"><span class='ocrx_word' id='word_1_199' title='bbox 1923 4078 2006 4135; x_wconf 73' lang='grc' dir='ltr'><strong>οὐ</strong></span> <span class='ocrx_word' id='word_1_200' title='bbox 2049 4068 2241 4135; x_wconf 79' lang='lat' dir='ltr'><strong>turba</strong></span> <span class='ocrx_word' id='word_1_201' title='bbox 2280 4068 2489 4135; x_wconf 77' lang='lat' dir='ltr'><strong>multa</strong></span> <span class='ocrx_word' id='word_1_202' title='bbox 2531 4067 2628 4132; x_wconf 83' lang='lat' dir='ltr'><strong>ita</strong></span> <span class='ocrx_word' id='word_1_203' title='bbox 2669 4072 2741 4132; x_wconf 89' lang='lat' dir='ltr'><strong>ut</strong></span> 
     </span>
     <span class='ocr_line' id='line_1_64' title="bbox 1924 4219 2617 4288; baseline -0.003 -2"><span class='ocrx_word' id='word_1_204' title='bbox 1924 4223 1991 4286; x_wconf 90' lang='lat' dir='ltr'><strong>in</strong></span> <span class='ocrx_word' id='word_1_205' title='bbox 2038 4231 2207 4288; x_wconf 74' lang='lat' dir='ltr'><strong>nanc</strong></span> <span class='ocrx_word' id='word_1_206' title='bbox 2254 4219 2617 4287; x_wconf 77' lang='lat' dir='ltr'><strong>ascendens</strong></span> 
     </span>
     <span class='ocr_line' id='line_1_65' title="bbox 1925 4372 2770 4441; baseline -0.004 -3"><span class='ocrx_word' id='word_1_207' title='bbox 1925 4373 2190 4441; x_wconf 88' lang='lat' dir='ltr'><strong>sederet</strong></span> <span class='ocrx_word' id='word_1_208' title='bbox 2230 4373 2298 4439; x_wconf 90' lang='lat' dir='ltr'><strong>in</strong></span> <span class='ocrx_word' id='word_1_209' title='bbox 2345 4372 2512 4439; x_wconf 76' lang='lat' dir='ltr'><strong>mari</strong></span> <span class='ocrx_word' id='word_1_210' title='bbox 2557 4377 2624 4437; x_wconf 88' lang='lat' dir='ltr'><strong>et</strong></span> <span class='ocrx_word' id='word_1_211' title='bbox 2665 4391 2770 4436; x_wconf 90' lang='lat' dir='ltr'><strong>om</strong></span> 
     </span>
     <span class='ocr_line' id='line_1_66' title="bbox 1924 4522 2729 4593; baseline -0.006 -3"><span class='ocrx_word' id='word_1_212' title='bbox 1924 4526 2028 4592; x_wconf 91' lang='lat' dir='ltr'><strong>nis</strong></span> <span class='ocrx_word' id='word_1_213' title='bbox 2074 4527 2264 4593; x_wconf 81' lang='lat' dir='ltr'><strong>turba</strong></span> <span class='ocrx_word' id='word_1_214' title='bbox 2306 4525 2526 4591; x_wconf 81' lang='lat' dir='ltr'><strong>stabat</strong></span> <span class='ocrx_word' id='word_1_215' title='bbox 2570 4522 2636 4587; x_wconf 91' lang='lat' dir='ltr'><strong>in</strong></span> <span class='ocrx_word' id='word_1_216' title='bbox 2681 4522 2729 4586; x_wconf 94' lang='lat' dir='ltr'><strong>li</strong></span> 
     </span>
    </p>
   </div>
   <div class='ocr_carea' id='block_1_23' title="bbox 1926 4673 2663 4743">
    <p class='ocr_par' dir='ltr' id='par_1_28' title="bbox 1926 4673 2663 4743">
     <span class='ocr_line' id='line_1_67' title="bbox 1926 4673 2663 4743; baseline -0.004 -1"><span class='ocrx_word' id='word_1_217' title='bbox 1926 4684 2070 4743; x_wconf 88' lang='lat' dir='ltr'><strong>tore</strong></span> <span class='ocrx_word' id='word_1_218' title='bbox 2108 4683 2176 4743; x_wconf 89' lang='lat' dir='ltr'><strong>et</strong></span> <span class='ocrx_word' id='word_1_219' title='bbox 2220 4675 2484 4742; x_wconf 76' lang='lat' dir='ltr'><strong>dicebat</strong></span> <span class='ocrx_word' id='word_1_220' title='bbox 2528 4673 2663 4739; x_wconf 91' lang='lat' dir='ltr'><strong>illis</strong></span> 
     </span>
    </p>
   </div>
   <div class='ocr_carea' id='block_1_24' title="bbox 1926 4809 2642 4981">
    <p class='ocr_par' dir='ltr' id='par_1_29' title="bbox 1926 4809 2642 4981">
     <span class='ocr_line' id='line_1_68' title="bbox 1926 4809 2642 4878; baseline -0.001 -2"><span class='ocrx_word' id='word_1_221' title='bbox 1926 4812 1993 4878; x_wconf 92' lang='lat' dir='ltr'><strong>in</strong></span> <span class='ocrx_word' id='word_1_222' title='bbox 2041 4809 2343 4877; x_wconf 85' lang='lat' dir='ltr'><strong>doctrina</strong></span> <span class='ocrx_word' id='word_1_223' title='bbox 2384 4830 2506 4875; x_wconf 84' lang='lat' dir='ltr'><strong>sua</strong></span> <span class='ocrx_word' id='word_1_224' title='bbox 2623 4850 2642 4863; x_wconf 59' lang='grc' dir='ltr'><em>ι</em></span> 
     </span>
     <span class='ocr_line' id='line_1_69' title="bbox 2560 4926 2634 4981; baseline 0 -24"><span class='ocrx_word' id='word_1_225' title='bbox 2560 4926 2634 4981; x_wconf 66' lang='grc'><strong>9.</strong></span> 
     </span>
    </p>
   </div>
   <div class='ocr_carea' id='block_1_25' title="bbox 2832 688 2940 754">
    <p class='ocr_par' dir='ltr' id='par_1_30' title="bbox 2832 688 2940 754">
     <span class='ocr_line' id='line_1_70' title="bbox 2832 688 2940 754; baseline 0 0"><span class='ocrx_word' id='word_1_226' title='bbox 2832 688 2940 754; x_wconf 87' lang='grc'><strong>13]</strong></span> 
     </span>
    </p>
   </div>
  </div>
 </body>
</html>
