3634 5717
374 694 490 760 Fol
544 697 661 763 187

580 897 771 963 matri
819 891 978 967 s'uae
1023 901 1257 966 mvlier
1297 920 1373 966 eo

407 1053 487 1118 27
581 1069 655 1115 ee
703 1048 876 1117 filius
921 1058 1068 1118 tuus
1112 1051 1266 1120 dein

579 1203 661 1272 de
707 1184 870 1271 dieit
913 1202 1238 1289 discipvlo
1284 1223 1360 1270 ee

580 1376 656 1422 ee
701 1361 911 1421 mater
954 1361 1070 1421 tua
1112 1375 1195 1422 ex
1238 1354 1286 1420 il

581 1509 649 1573 la
691 1507 856 1573 hora
898 1507 1157 1593 aceepit
1199 1525 1345 1575 eam

580 1659 694 1726 ille
739 1657 1100 1743 discipulvs
1145 1657 1212 1724 in
1259 1679 1381 1725 sua

409 1800 493 1864 28
581 1812 821 1877 Postea
863 1810 968 1877 ihs
1012 1810 1228 1878 seiens

581 1963 738 2048 quia
780 1962 845 2028 ia
889 1962 1113 2029 omnia
1156 1961 1473 2028 oonsfima

581 2122 650 2181 ta
696 2121 918 2181 essent
960 2120 1031 2181 ut
1073 2122 1278 2180 eonsfi

580 2273 867 2333 maretur
910 2265 1156 2351 scriptu

409 2412 493 2476 29
580 2440 655 2486 ra
699 2418 796 2486 ait
838 2417 993 2484 sitio
1036 2436 1155 2483 uas

580 2591 739 2655 ergo
785 2569 1006 2656 positfi
1053 2575 1195 2636 erat

555 2729 767 2820 'aeeto
814 2723 1016 2807 pleuti
1062 2721 1160 2787 illi
1205 2742 1291 2787 av

579 2882 710 2943 tem
753 2875 1105 2961 spongiam
1152 2875 1350 2959 plena

578 3032 765 3095 aeeto
808 3026 1066 3112 hysopo
1112 3025 1286 3093 αἰτοῦ

576 3184 899 3264 ponentes
939 3185 1006 3246 et
1050 3178 1205 3245 obtu

375 3326 495 3421 ,30
578 3332 795 3398 lerunt
839 3329 936 3395 ori
983 3330 1122 3396 eius
1167 3329 1328 3394 Cum

373 3409 522 3455 102⁰*

449 3462 472 3504 ¹
580 3502 738 3567 ergo
785 3480 1150 3567 accepisset

580 3633 684 3700 ihs
728 3639 920 3700 aoetfl
965 3630 1137 3698 dixit
1175 3650 1296 3697 oon

581 3786 910 3851 sinuatum
952 3790 1054 3851 est
1098 3789 1164 3849 et
1205 3781 1274 3847 in

580 3936 823 4003 olinato
869 3936 1086 4022 eapite
1133 3942 1237 4001 tra

374 4092 484 4188 ‘31
575 4089 746 4156 didit
788 4099 928 4197 sprti
971 4084 1202 4156 Iudaei
1247 4105 1318 4150 er

372 4178 523 4325 'off
582 4264 667 4328 go
713 4254 839 4327 quo
886 4260 1246 4326 parasceue

582 4395 773 4481 [e]rat
815 4398 887 4459 ut
929 4413 1058 4458 non
1102 4410 1442 4458 remanere

580 4552 654 4612 nt
697 4544 765 4609 in
811 4549 1000 4610 eruce
1045 4561 1322 4628 corpora
1364 4542 1485 4608 sab

749 4696 906 4762 bato
949 4701 1093 4761 erat

1468 696 1584 762 Ioh
1628 696 1677 762 O
1731 698 1805 762 19

1731 1507 1815 1572 32

1729 4235 1813 4301 36

2790 702 2915 767 373

1902 909 2011 966 eni
2057 920 2335 984 magnus
2379 899 2523 967 dies
2568 899 2668 966 illi

1900 1070 1976 1116 us
2021 1051 2281 1118 sabbati
2326 1061 2728 1137 rogauerunt

1902 1202 2111 1286 pilati*
2157 1210 2228 1269 ut
2272 1203 2626 1289 frangeren

1902 1360 2004 1419 tur
2049 1356 2207 1421 eorfi
2251 1375 2441 1422 orura
2483 1364 2551 1425 et
2592 1358 2685 1424 tol

1900 1506 2191 1573 letentur
2235 1516 2557 1576 uenerunt

1900 1679 2059 1743 ergo
2104 1657 2348 1727 milites
2394 1666 2461 1727 et
2502 1659 2698 1746 primi

1901 1810 2099 1894 quide
2142 1811 2480 1897 fregervnt
2522 1832 2634 1878 orv

1901 1926 1990 2044 ra?
2020 1968 2088 2029 et
2129 1961 2399 2029 alterius
2437 1962 2547 2048 qui
2590 1964 2647 2031 si

1903 2114 2035 2179 mul
2082 2113 2428 2180 erueifixus
2475 2121 2577 2182 est
2621 2123 2697 2183 eir
2737 2136 2817 2183 eo

1901 2263 1986 2330 ad
2034 2263 2166 2330 ihm
2213 2271 2365 2331 aute
2412 2284 2558 2332 oum
2601 2266 2788 2333 uenis

1902 2422 2049 2482 sent
2091 2421 2158 2482 et
2200 2414 2508 2484 uidervnt
2551 2424 2641 2484 ev·

1901 2567 2033 2634 iam
2079 2574 2399 2635 mortuvm
2448 2590 2578 2637 non

1902 2716 2241 2806 stegemnt
2285 2720 2424 2789 eius
2470 2742 2582 2789 orv

1901 2894 1977 2940 ra
2020 2872 2137 2940 sed
2184 2893 2349 2939 unus
2394 2894 2477 2941 ex
2521 2874 2609 2939 mi

1900 3024 2066 3091 litib'
2109 3024 2346 3092 laneea
2385 3025 2559 3093 latvs
2604 3025 2746 3093 eius

1901 3176 2161 3263 aperuit
2203 3184 2271 3245 et
2314 3175 2621 3244 continuo

1856 3394 1865 3400 .
1901 3329 2109 3395 exiuit
2153 3328 2426 3414 sanguis
2471 3336 2537 3395 et
2581 3350 2753 3414 aqua

1902 3485 1970 3545 et
2013 3479 2122 3563 qui
2163 3477 2334 3545 uidit
2372 3479 2634 3548 testimo

1902 3631 2017 3697 nid
2062 3630 2395 3716 perhibvit
2439 3637 2506 3697 et
2544 3650 2626 3697 ve

1902 3793 1977 3848 τῇ
2023 3789 2125 3848 est
2163 3781 2645 3849 «testimonium

1902 3935 2076 4003 «eius
2120 3940 2189 4002 et
2231 3933 2344 4001 ille
2388 3933 2513 4001 soit
2556 3934 2712 4019 quia

1900 4107 2059 4155 uera
2102 4086 2264 4154 dioit
2307 4093 2378 4152 ut
2420 4093 2489 4154 et
2530 4105 2648 4152 uos
2693 4106 2801 4152 ere

1901 4238 2076 4305 datis
2120 4239 2299 4306 faeta
2340 4243 2493 4305 sunt
2537 4248 2645 4304 eni

1898 4391 2065 4457 haee
2105 4398 2177 4458 ut
2220 4378 2544 4475 seriptvra
2588 4389 2656 4455 in

1898 4542 2157 4628 plentur
2199 4561 2272 4608 os
2316 4559 2447 4607 non
2493 4561 2614 4607 eon

2202 4692 2505 4777 fringetis
2612 4699 2617 4704 ’
