3634 5717
381 645 502 710 Fol
552 646 672 711 102

411 846 497 910 34

410 2659 496 2723 36

413 3735 492 3798 37

583 845 667 911 Et
707 843 1046 911 benedixit
1090 844 1221 911 illis
1265 866 1347 931 sy

585 1017 775 1063 meon
821 1002 888 1063 et
927 996 1098 1062 dixit
1143 997 1231 1064 ad
1275 1019 1384 1065 ma

583 1150 748 1215 riam
792 1155 1066 1215 matrem
1113 1134 1252 1215 eins
1298 1170 1372 1216 ec

583 1322 659 1367 ce
699 1301 953 1385 positus
998 1307 1098 1367 est
1143 1301 1252 1368 hic
1294 1303 1361 1368 in

585 1453 837 1520 ruinam
885 1461 954 1519 et
996 1474 1289 1521 resurrec

583 1606 828 1673 tionem
873 1607 1155 1672 multorfi
1201 1606 1269 1672 in

586 1757 831 1826 israhel
877 1764 944 1824 et
989 1758 1057 1823 in
1099 1757 1296 1843 sigmi

585 1909 691 1976 cui
733 1909 1203 1977 contradicitur

587 2068 655 2129 et
698 2068 875 2128 tuam
918 2063 1127 2147 ipsius
1172 2063 1391 2128 anima

583 2184 979 2298 pertransiet
1021 2213 1204 2300 gladi

584 2386 659 2432 ns
701 2372 775 2432 ut
818 2368 1191 2434 renelentur
1229 2369 1359 2435 mvl

584 2525 791 2584 torum
835 2517 1127 2586 cordium
1172 2541 1249 2587 co

581 2669 961 2753 gitationes.
1004 2671 1087 2736 Et
1128 2679 1271 2739 erat

580 2788 758 2888 anna
799 2823 1221 2908 prophetissa
1262 2826 1303 2888 fi

580 2974 673 3039 lia
716 2975 937 3042 fanuel
983 2976 1068 3042 de
1111 2976 1281 3043 tribu
1328 2999 1370 3043 a

579 3146 703 3194 ser.
729 3128 895 3194 haec
938 3092 1246 3213 processe

582 3285 683 3345 rat
728 3279 793 3344 in
840 3278 1008 3345 dieb’
1054 3281 1272 3347 m‘ultis

516 3517 527 3524 ι
582 3438 648 3497 et
696 3431 952 3498 uixerat
995 3433 1076 3497 cn
1120 3432 1262 3499 uiro

582 3603 700 3649 sno
743 3584 936 3649 annis
979 3590 1231 3668 septem
1277 3606 1320 3651 a

584 3734 968 3820 uirginitate
1012 3756 1150 3803 sna.
1198 3743 1264 3804 et

585 3886 727 3952 haec
770 3886 972 3953 uidua
1014 3891 1265 3955 annorfi

584 4040 921 4123 octoginta
967 4038 1270 4123 quattuor

585 4176 752 4273 quae
795 4205 925 4257 non
969 4192 1236 4260 discede

586 4343 698 4410 bat
741 4343 825 4410 de
864 4344 1043 4428 teplo

1502 645 1772 710 LcC2

1720 1152 1804 1217 38

1718 2060 1800 2124 39

1720 3577 1798 3640 41

1721 4202 1804 4263 42

1687 4283 1801 4328 Br4

2788 638 2907 701 201

1897 846 2163 914 ieiuniis
2209 851 2276 911 et
2318 839 2642 911 obsecrati

1898 999 2068 1065 onib’
2111 997 2405 1066 seruiens
2448 1015 2571 1061 noc

1893 1158 1959 1217 te
2002 1171 2081 1217 ac
2124 1152 2233 1218 die
2277 1155 2344 1216 et
2385 1149 2551 1215 haec
2595 1144 2662 1228 ip

1891 1322 1970 1369 sa
2012 1302 2176 1369 hora
2219 1309 2402 1390 stans
2447 1321 2567 1367 con

1892 1456 2195 1521 fitebatur
2240 1455 2372 1520 dno
2418 1460 2486 1520 et
2528 1454 2594 1519 lo
2671 1532 2679 1541 ι

1893 1607 2210 1690 qnebatnr
2255 1606 2339 1672 de
2383 1626 2463 1672 eo
2510 1626 2611 1672 om
2731 1610 2736 1613 ’

1892 1759 2020 1824 nib'
2066 1759 2176 1842 qni
2220 1757 2660 1842 expectabant

1891 1910 2410 1995 redemptionem
2454 1910 2564 1976 hie

1889 2063 2172 2129 rnsalem
2217 2069 2284 2128 et
2327 2068 2399 2128 nt
2441 2082 2561 2147 per

1891 2216 2186 2282 fecerunt
2229 2214 2451 2280 omnia
2493 2233 2566 2280 se

1889 2365 2104 2432 cnndfi
2151 2368 2360 2450 legem
2406 2365 2521 2431 dni

1891 2518 2137 2584 reuersi
2180 2524 2334 2584 sunt
2376 2519 2444 2583 in
2491 2536 2582 2601 ga

1891 2671 2113 2737 lileam
2152 2671 2221 2737 in
2265 2670 2532 2738 ciuitate

1891 2824 2200 2889 nazareth
2246 2844 2408 2907 pner
2450 2829 2602 2890 ante

1889 2977 2225 3043 crescebat
2266 2977 2597 3079 et-co'nfor

1889 3129 2150 3196 tabatur
2192 3131 2317 3213 spfi
2364 3135 2430 3196 et
2475 3128 2655 3213 inple

1891 3281 2079 3346 batur
2123 3281 2456 3365 sapientia
2498 3287 2564 3347 et

1890 3432 2110 3515 gratia
2155 3430 2223 3498 di
2267 3439 2412 3523 erat
2454 3434 2520 3496 in
2570 3432 2683 3497 illo

1892 3584 1973 3647 Et
2017 3583 2203 3649 ibant
2237 3589 2544 3667 parentes

1891 3735 2032 3802 eins
2075 3756 2194 3819 per
2239 3754 2464 3802 omnes
2511 3756 2593 3800 an

1892 3907 2013 3954 nos
2059 3887 2128 3954 in
2171 3887 2500 3954 hierusale
2545 3888 2612 3953 in

1894 4039 2001 4106 die
2044 4041 2348 4107 sollemni
2394 4040 2656 4125 paschae

1892 4194 1975 4259 Et
2020 4196 2098 4259 cn
2144 4194 2354 4260 factus
2399 4152 2575 4260 esset
2615 4193 2722 4258 ihs

1891 4347 2145 4413 annoni
2189 4362 2314 4413 ΧΗ.
2362 4346 2805 4419 ascendentib’
