3634 5717
366 685 481 751 Fol
533 688 655 753 164

399 888 475 955 13
565 909 755 958 nemo
802 899 1019 959 tamen
1069 892 1287 977 palam
1334 892 1397 956 lo

567 1043 884 1124 quebatur
928 1043 1012 1109 de
1056 1044 1171 1109 ino
1219 1064 1382 1128 prop

404 1196 481 1260 14
567 1199 666 1259 ter
710 1196 887 1262 metti
935 1194 1208 1261 iudeorfi
1256 1194 1386 1260 iam

564 1353 780 1411 autem
829 1345 939 1412 die
983 1346 1150 1412 festo
1189 1368 1291 1413 me

564 1495 788 1563 diante
834 1497 1135 1565 aseendit
1178 1499 1282 1564 ihs

564 1648 626 1713 in
675 1649 921 1734 teplum
970 1658 1035 1715 et
1080 1607 1358 1716 docebat

398 1790 474 1852 15
564 1808 628 1865 et
672 1801 1078 1868 mirabantur
1124 1801 1318 1867 iudaei

561 1951 855 2019 dieentes
901 1952 1224 2036 quomodo

559 2101 668 2168 hie
712 2102 939 2169 literas
985 2105 1109 2168 seit
1153 2106 1233 2170 01‘1
1280 2125 1406 2169 non

398 2249 476 2312 16
563 2251 869 2319 didicerit
916 2255 1279 2339 Respondit

559 2405 662 2470 ihs
707 2413 773 2471 et
817 2406 987 2471 dixit
1030 2408 1127 2473 eis
1172 2428 1320 2474 mea

559 2556 859 2623 doctrina
906 2579 1033 2623 non
1081 2567 1181 2625 est
1226 2580 1372 2625 mea

557 2707 674 2774 sed
720 2709 859 2774 eius
904 2710 1013 2791 qui
1061 2710 1238 2775 misit
1284 2731 1385 2775 me

394 2856 465 2918 17
557 2860 610 2924 si
659 2861 803 2943 quis
847 2862 1127 2927 uoluerit
1171 2863 1363 2928 uolun

556 3018 753 3076 tatem
804 3012 942 3077 eius
989 3016 1205 3079 faeere
1252 3035 1376 3097 eog

552 3170 779 3229 noseet
822 3162 904 3229 de
948 3163 1245 3229 doctrina

552 3315 700 3378 utrfi
748 3334 827 3379 ex
876 3315 960 3380 do
1007 3323 1106 3380 est
1151 3335 1231 3380 an
1282 3335 1318 3378 e

554 3484 638 3546 go
685 3485 726 3529 a
770 3485 875 3529 me
919 3465 1065 3548 ipso
1110 3466 1340 3548 loquar

384 3619 459 3682 18
549 3616 655 3698 qui
705 3637 746 3681 a
793 3625 1003 3682 semet
1047 3616 1189 3701 ipso
1237 3615 1410 3698 loqvi

549 3776 650 3832 tur
694 3768 909 3851 glorie
955 3770 1230 3853 proprie

546 3920 777 4003 quaerit
822 3921 928 4003 qui
978 3929 1126 3987 aute
1176 3940 1316 4002 quae
1391 3934 1402 3947 ·

541 4071 628 4137 rit
669 4071 884 4156 gloria
925 4073 1066 4138 eius
1117 4073 1223 4155 qui
1273 4072 1357 4135 mi

542 4224 627 4289 sit
671 4224 789 4290 ills]
840 4224 946 4290 hie
990 4244 1192 4291 uel-ax
1231 4232 1334 4291 est

543 4384 606 4440 et
648 4375 901 4442 iustitia
947 4377 1007 4441 ir.
1058 4339 1318 4442 ineest

379 4531 456 4592 19
543 4545 759 4592 nonne
805 4545 1020 4592 moses
1065 4526 1248 4592 dedit

538 4677 725 4743 uobis
772 4678 984 4761 legem

1496 687 1791 754 lohe?

1891 899 1958 958 et
2003 911 2193 958 nemo
2239 912 2324 957 ex
2368 890 2554 957 uobis
2596 889 2665 956 fa

1717 1045 1802 1109 20
1887 1043 1978 1109 eit
2023 1045 2170 1128 iege
2215 1041 2371 1126 quid
2418 1062 2521 1107 me
2566 1060 2710 1124 quae

1889 1194 2033 1261 ritis
2076 1194 2445 1260 interficere

1757 1409 1763 1416 .
1887 1346 2253 1431 Respondit
2294 1346 2487 1411 turba
2529 1352 2596 1411 et
2638 1344 2754 1411 dix

1887 1500 1937 1563 it
1983 1496 2337 1563 daemonii]
2377 1496 2583 1563 habes

1885 1649 2029 1732 quis
2075 1656 2141 1715 te
2185 1648 2417 1732 quaerit
2460 1647 2632 1715 inter

1712 1789 1789 1853 21
1884 1801 2077 1869 ficere
2123 1800 2490 1885 Respondit

1884 1952 1987 2017 ihs
2033 1961 2099 2018 et
2143 1952 2313 2018 dixit
2358 1952 2454 2019 eis
2499 1972 2695 2018 unum

1883 2123 2047 2189 opus
2094 2103 2218 2169 feei
2260 2111 2328 2170 et
2370 2123 2596 2169 omnes

1710 2246 1793 2310 22
1884 2253 2211 2321 miramini
2255 2259 2606 2339 propterea

1880 2425 2139 2491 moyses
2186 2404 2372 2470 dedit
2400 2404 2587 2470 uobis

1879 2556 2307 2624 eirefioisione
2354 2576 2484 2623 non
2530 2554 2685 2639 qvia

1876 2730 1956 2775 ex
2003 2728 2228 2793 moyse
2271 2715 2372 2775 est
2416 2706 2534 2775 sed
2580 2728 2662 2774 ex

1876 2860 2111 2945 patrib'
2156 2867 2223 2927 et
2264 2859 2330 2925 in
2378 2859 2653 2925 sabbato

1875 2997 2279 3079 eirefieiditis
2324 3009 2589 3076 homine

1699 3159 1782 3222 23
1872 3164 1925 3229 si
1975 3163 2468 3230 eirefieisionem
2516 3182 2595 3227 ae

1872 3316 2048 3398 oepit
2090 3315 2284 3380 homo
2328 3313 2395 3378 in
2443 3310 2652 3378 sabba

1869 3474 1936 3530 to
1981 3473 2050 3530 ut
2096 3484 2223 3529 non
2270 3463 2563 3529 soluatur
2606 3463 2716 3529 lex

1813 3579 1818 3582 ’
1869 3617 2033 3681 mosi
2080 3616 2241 3681 mihi
2286 3614 2657 3699 indignami

1868 3768 1934 3832 ni
1980 3768 2134 3850 quia
2178 3769 2319 3834 totfi
2366 3764 2631 3832 homine

1863 3921 2029 3987 santi
2078 3920 2204 3986 feei
2249 3919 2318 3983 in
2363 3918 2639 3985 sabbato

1692 4070 1776 4134 24
1868 4071 2068 4139 nolite
2113 4070 2405 4138 iudicare
2450 4090 2647 4137 seevn

1864 4223 1952 4289 d1'1
2000 4223 2170 4290 faeie
2213 4222 2331 4289 sed
2378 4221 2552 4289 iusti
2597 4223 2664 4288 iu

1691 4376 1774 4438 25
1849 4370 2039 4441 'dicifi
2084 4374 2373 4440 iudieate
2412 4372 2558 4439 diee

1858 4527 2020 4594 bant
2064 4545 2222 4609 ergo
2269 4523 2470 4607 quidsi
2513 4544 2597 4592 ex
2640 4523 2707 4591 iu

2029 4676 2191 4742 daeis
2237 4695 2453 4741 nonne

2776 688 2900 754 327
