3634 5717
679 663 802 730 120

885 867 1147 928 anatum
1164 866 1343 926 tuum
1367 866 1434 927 et
1459 859 1631 928 uade
1653 866 1722 926 et
1744 859 1889 926 iaeo

849 964 926 1011 us
966 950 1225 1012 secutus
1270 944 1403 1009 ihm

717 1032 759 1097 6
801 1031 948 1096 Non
974 1036 1075 1096 est
1098 1049 1260 1113 opus
1273 1027 1454 1095 sanis
1468 1026 1759 1094 medicus
1771 1027 1891 1094 sed

802 1114 977 1181 male
1001 1113 1393 1179 habentibus
1418 1119 1485 1179 et
1506 1133 1634 1178 non
1652 1119 1895 1196 posunt

801 1198 1101 1265 ieiunare
1124 1197 1221 1262 fili
1244 1196 1471 1282 sponsi
1487 1215 1731 1281 sponso
1755 1216 1893 1346 pra}

1703 1300 1823 1347 sen

717 1367 753 1432 7
783 1365 1441 1450 Discipuliuellentes
1454 1363 1674 1448 spicas
1687 1363 1896 1430 sabba

808 1450 896 1516 tis
938 1448 1424 1515 manducabant

718 1536 758 1600 8
803 1535 880 1599 In
894 1551 1243 1618 synagoga
1257 1531 1589 1598 hominem
1606 1530 1895 1598 habente

803 1637 1063 1684 manum
1109 1616 1365 1683 aridam
1410 1614 1674 1681 sanauit
1713 1615 1820 1681 ihs

717 1704 758 1767 9
803 1702 937 1786 [EJt
958 1721 1103 1767 oum
1143 1701 1381 1766 multos
1402 1699 1698 1766 infirmos
1729 1719 1897 1766 sana

1794 1790 1897 1850 ret

682 1951 762 2018 10
804 1868 1896 2052 ὂξειοιῑῑῃῑᾞᾶᾙεεᾞ

1572 2064 1585 2071 ·
1744 2054 1891 2102 msv

774 2138 932 2185 ·non
957 2118 1161 2185 stabit
1184 2125 1251 2185 et
1273 2118 1383 2203 qui
1406 2118 1651 2186 dixerit
1673 2120 1740 2184 in
1764 2129 1892 2203 spu

1776 2210 1892 2270 seo

802 2305 932 2352 non
955 2285 1322 2352 remittetur
1342 2287 1402 2353 ei
1429 2294 1497 2355 et
1517 2286 1614 2354 hii
1626 2293 1778 2353 sunt
1789 2287 1894 2353 fra

801 2375 936 2438 tres
980 2371 1112 2437 mei
1158 2370 1268 2454 qui
1326 2370 1576 2437 faeiunt
1614 2372 1894 2438 uolunta

801 2460 935 2519 tem
979 2454 1190 2539 patris
1232 2454 1362 2521 mei

679 2538 753 2603 1-1
789 2538 1889 2621 Eeeeexiitquiseminatseminare

802 2628 870 2689 et
913 2621 1068 2687 dum
1110 2622 1396 2689 seminat
1439 2629 1505 2688 et
1548 2629 1770 2689 cetera

672 2706 758 2771 12
803 2705 1015 2770 Homo
1041 2705 1222 2771 misit
1242 2725 1467 2772 semen
1491 2712 1558 2772 et
1580 2726 1726 2772 oum
1770 2705 1891 2771 dor

799 2789 919 2854 mit
951 2788 1116 2856 exiit
1149 2808 1374 2856 semen
1409 2796 1477 2855 et
1516 2789 1672 2857 feeit
1703 2789 1891 2874 spica

795 2880 864 2940 et
905 2873 1085 2938 misit
1127 2873 1364 2940 falcem

675 2957 755 3022 13
800 2956 1150 3022 Dormiens
1174 2956 1243 3022 in
1270 2955 1577 3022 nauicula
1591 2955 1697 3022 ihs
1708 2958 1888 3023 faeta

796 3046 1188 3125 tempestate
1230 3040 1554 3107 excitatus
1598 3060 1842 3126 eonpes

799 3123 935 3191 ouit
974 3130 1239 3190 uentum
1284 3131 1351 3191 et
1387 3144 1570 3192 mare

674 3210 755 3275 14
771 3209 847 3274 In
859 3207 1131 3292 regione
1142 3227 1607 3292 gerasenorum
1617 3207 1882 3275 homine

798 3313 842 3359 a
880 3292 1146 3376 legione
1187 3292 1569 3378 moaemo[‘?]
1630 3292 1637 3299 '

673 3376 755 3440 15
796 3376 882 3441 Et
894 3395 1039 3441 eum
1053 3375 1194 3442 filia
1208 3377 1527 3461 principis
1550 3398 1593 3443 a
1613 3378 1886 3444 mortuis

797 3459 1145 3525 suscitaret
1196 3460 1535 3528 mulierem
1590 3483 1633 3528 a
1674 3462 1885 3547 proflu

793 3543 904 3611 uio
946 3543 1290 3628 sanguinis
1335 3544 1622 3612 saluavit

546 3728 560 3743 ⁸
673 3629 752 3694 16
795 3628 944 3695 Non
978 3635 1081 3694 est
1112 3628 1438 3712 propheta
1469 3636 1779 3715 aceeptus
1815 3630 1884 3695 in

1501 3715 1725 3798 patria
1764 3733 1889 3780 sua

671 3794 747 3859 17
794 3794 975 3860 Misit
1018 3794 1124 3861 ihs
1168 3811 1276 3862 ΧΠ
1319 3796 1679 3897 discipulos
1728 3804 1883 3865 suos

793 3886 863 3944 ut
903 3878 1322 3963 predicarent
1366 3888 1435 3947 et
1475 3880 1769 3949 infirmos

791 3970 1096 4030 curarent
1414 3986 1437 3994 -
1622 3970 1629 3975 “

1991 861 2083 928 20
2119 858 2244 925 Vbi
2266 878 2464 945 super
2486 858 2686 925 fluetu
2715 856 2919 924 maris
2945 856 3215 924 ambula

2120 944 2216 1010 uit
2259 950 2326 1010 et
2370 942 2663 1009 infirmos
2707 941 2972 1009 sanauit
3039 966 3046 973 ·

1992 1030 2071 1095 21
2120 1029 2267 1093 Non
2303 1027 2455 1093 lotis
2489 1026 2793 1093 manibus
2818 1026 3056 1092 aedere
3078 1044 3209 1090 non

2121 1111 2605 1178 eommunioant
2647 1109 2979 1176 hominem

1994 1199 2078 1263 22
2121 1197 2267 1262 Non
2293 1196 2452 1262 lieet
2473 1195 2705 1261 tollere
2728 1213 2970 1280 panem
2991 1192 3212 1259 filiorfi

2120 1287 2188 1346 et
2229 1280 2489 1346 mittere
2520 1277 2732 1345 oanib’
2765 1285 2832 1345 et
2866 1274 3211 1344 mundanit

2166 1363 2410 1431 uellam
2453 1383 2495 1428 a
2542 1362 2894 1429 daemonio

1994 1449 2078 1515 23
2186 1448 2469 1514 ominem
2513 1446 2779 1512 surdum
2825 1451 2892 1512 et
2929 1449 3111 1510 muto

2121 1531 2386 1598 sanauit
2407 1537 2479 1596 ut
2490 1529 2751 1597 audiret
2761 1531 3212 1613 etloqueretur

1995 1618 2080 1682 24
2123 1616 2224 1681 De
2267 1636 2341 1683 se
2388 1622 2455 1683 te
2499 1634 2706 1715 panes
2745 1616 2815 1682 in
2855 1620 3160 1699 quattuor

2123 1700 2311 1767 milia
2341 1636 2687 1766 {ominum
2948 1780 2963 1796 ·

1995 1785 2080 1853 25
2123 1784 2329 1852 Caute
2352 1805 2395 1850 a
2424 1783 2745 1850 fermento
2820 1781 3210 1848 hansaeorfi

2125 1874 2191 1934 et
2221 1886 2454 1934 eaeeus
2487 1867 2659 1934 dixit
2689 1866 2758 1933 ui
2807 1886 2885 1931 eo
2908 1864 3210 1932 homines

2122 1953 2291 2018 sieut
2328 1952 2595 2018 arbores
2640 1950 3052 2018 ambulantes

1996 2037 2081 2102 26
2124 2036 2304 2103 Dicit
2338 2036 2441 2101 ihs
2465 2055 2658 2120 quem
2680 2055 2786 2101 me
2812 2052 2960 2100 esse
2982 2031 3211 2099 dieunt

2119 2120 2419 2186 homines
2444 2127 2511 2188 et
2531 2119 2703 2186 dixit
2724 2118 2835 2204 qui
2855 2117 2999 2183 uult
3013 2137 3123 2199 gne
3135 2133 3209 2182 se

2165 2205 2233 2270 ui
2277 2204 2467 2270 tollat
2510 2223 2766 2271 erucem
2806 2221 2996 2270 suam

1992 2289 2073 2356 27
2117 2289 2143 2372 [
2179 2289 2248 2373 ]n
2291 2293 2514 2355 monte
2559 2287 2689 2355 uisi
2720 2293 2876 2355 sunt
2907 2304 3055 2353 eum
3089 2283 3208 2349 ihu

2121 2462 2188 2522 et
2230 2454 2445 2523 helias
2773 2537 2788 2554 .
2944 2385 3206 2552 moyse-s

1990 2541 2073 2607 28
2117 2540 2396 2606 Puerum
2422 2560 2465 2605 a
2486 2537 2836 2605 daemonio
2863 2535 3209 2603 mundamt

2115 2643 2308 2707 quem
2321 2622 2632 2707 discipuli
2646 2622 2903 2690 eieoere
2914 2621 3098 2705 no[n]
3119 2640 3205 2704 po

2943 2710 3210 2770 tuerunt

1991 2793 2075 2857 29
2120 2790 2308 2856 Dixit
2352 2790 2673 2858 iohannes
2727 2791 2859 2856 dne
2919 2787 3205 2855 uidimus

2117 2876 2441 2958 quendam
2475 2875 2822 2942 eicientem
2854 2871 3207 2939 daemonia

2112 2960 2223 3042 qui
2263 2979 2393 3025 non
2437 2958 2730 3042 sequitur
2773 2958 3114 3024 nobiseum

2115 3049 2182 3109 et
2228 3042 2313 3109 de
2344 3062 2541 3109 manu
2585 3050 2653 3109 et
2696 3042 2867 3127 pede
2910 3045 2979 3107 et
3016 3040 3203 3107 oeulo

2915 3125 3203 3191 eruendo

1985 3210 2072 3276 30
2113 3210 2261 3274 Non
2294 3209 2536 3275 debere
2564 3208 2808 3276 dimitti
2831 3228 2996 3274 uxor
3025 3215 3092 3275 et
3119 3206 3204 3274 de

2116 3294 2270 3359 bere
2291 3292 2538 3376 suscipi
2561 3313 2633 3360 re
2682 3312 2836 3358 num
2858 3292 2927 3359 di
2950 3297 3024 3358 ut
3089 3310 3204 3358 uer

1987 3377 2064 3444 31
2114 3376 2242 3455 Qui
2332 3377 2599 3444 eeunias
2690 3376 2891 3443 abent
2932 3376 3004 3442 di

2111 3461 2286 3527 intra
2330 3468 2447 3528 unt
2487 3462 2557 3527 in
2600 3480 2877 3547 reg-num
2921 3460 2992 3527 di

2114 3544 2243 3623 Qui
2278 3546 2560 3612 uoluerit
2594 3546 2662 3612 in
2697 3545 2888 3613 uobis
2923 3563 3070 3613 esse
3097 3542 3202 3631 pri

2115 3649 2264 3703 mus.
2301 3631 2427 3697 erit
2467 3630 2757 3697 omnium
2793 3649 3023 3698 seruus

1985 3713 2070 3779 32
2118 3712 2297 3791 Ques
2312 3713 2464 3780 dam
2511 3734 2778 3781 eaeenm
2819 3714 3159 3782 sedentem

2112 3817 2301 3865 secus
2342 3799 2520 3865 uiam
2560 3797 2983 3865 inluminavit
3025 3797 3132 3864 ihs

1983 3882 2068 3948 33
2113 3882 2444 3949 Sedentib’
2486 3901 2685 3968 super
2729 3883 2980 3967 pullum
3023 3889 3129 3949 tur

2114 3966 2201 4032 ba
2242 3965 2572 4033 clamabat
2614 3985 2907 4034 ossanna

3076 3376 3204 3443 eile

669 4047 748 4112 18
793 4046 1091 4114 Herodes
1148 4044 1506 4114 deeollauit
1547 4047 1880 4115 iohannen
1981 4050 2068 4116 34
2109 4048 2269 4115 Cum
2314 4049 2667 4118 maledieet
2712 4050 2819 4117 ihs
2857 4051 3090 4117 arbore

789 4137 856 4196 et
896 4137 1216 4197 uenerunt
1259 4129 1569 4217 discipuli
1612 4131 1701 4199 ad
1744 4132 1879 4198 ihm

788 4220 856 4280 et
898 4213 1132 4281 refeeit
1168 4231 1282 4280 eos

666 4300 745 4365 19
791 4297 893 4364 De
917 4298 1204 4382 quinque
1220 4298 1500 4383 panibus
1514 4299 1582 4366 in
1597 4300 1883 4384 quinque

784 4381 973 4449 milia
1013 4381 1352 4448 hominum

2109 4133 2271 4200 fieus
2312 4133 2673 4202 uendentes
2719 4134 3002 4201 eiciebat

2110 4217 2195 4284 de
2239 4219 2484 4302 templo
