3634 5717
696 687 818 752 102

1793 681 1980 746 Mtc
2025 681 2109 746 25

725 890 803 954 31
897 888 1055 953 Cvm
1101 893 1317 953 autem
1362 884 1618 951 uenerit

698 974 761 1018 Br
787 976 834 1017 71

694 1024 865 1121 mssom
900 1040 1074 1105 filius
1118 1038 1404 1103 hominis
1451 1038 1515 1102 in
1566 1036 1770 1102 maies

731 1635 816 1699 32

736 2393 819 2457 33

741 3764 826 3830 35

738 4374 823 4438 36

901 1197 1036 1257 tate
1081 1211 1201 1256 sua
1245 1195 1312 1256 et
1356 1209 1581 1255 omnes
1622 1209 1704 1253 an

901 1343 1035 1427 geli
1083 1353 1163 1408 en
1211 1362 1287 1407 eo
1334 1348 1486 1406 tunc
1531 1339 1790 1406 sedebit

901 1516 1098 1579 super
1143 1492 1299 1567 sede
1347 1491 1626 1558 maiesta

903 1647 988 1711 tis
1031 1664 1166 1710 suae
1213 1650 1277 1709 et
1322 1664 1655 1726 congrega

901 1796 1139 1861 buntur
1183 1802 1337 1860 ante
1381 1804 1465 1860 θῇ
1511 1814 1736 1858 omnes

903 1953 1135 2031 gentes
1183 1952 1247 2011 et
1291 1945 1625 2029 separauit

906 2118 1019 2164 eos
1064 2099 1147 2164 ab
1193 2097 1474 2162 inuicem
1520 2096 1687 2161 sicut

909 2256 1135 2335 pastor
1178 2256 1490 2333 segregat
1533 2268 1688 2314 oues

911 2400 994 2467 ab
1040 2399 1228 2466 hedis
1272 2408 1339 2466 et
1382 2405 1625 2465 statuet
1670 2420 1708 2465 ο

910 2572 1023 2618 ues
1071 2550 1266 2635 quide
1315 2572 1356 2617 a
1400 2550 1648 2616 dextris
1693 2571 1768 2616 sv

910 2703 967 2767 is
1013 2703 1239 2769 haedos
1287 2709 1503 2767 autem
1550 2723 1590 2767 a
1633 2701 1796 2767 sinis

911 2855 1029 2920 tris
1076 2860 1229 2919 tunc
1274 2853 1435 2920 dicit
1479 2874 1595 2919 rex
1640 2854 1745 2919 his

914 3007 1023 3091 qui
1070 3027 1109 3071 a
1153 3005 1402 3071 dextris
1448 3004 1587 3070 eius
1634 3011 1822 3071 erunt

912 3159 1132 3225 uenite
1175 3155 1505 3223 benedicti
1552 3177 1640 3240 pa

912 3309 1029 3375 tris
1077 3308 1205 3374 mei
1251 3306 1584 3392 possidete

912 3465 1212 3545 paratum
1259 3458 1448 3523 uobis
1493 3459 1701 3542 regnfi

912 3630 952 3676 a
996 3610 1458 3713 constitutione
1505 3630 1653 3675 mun

913 3762 981 3827 di
1026 3762 1222 3828 esurii
1271 3763 1443 3828 enim
1492 3768 1556 3827 et
1601 3761 1790 3827 dedis

909 3913 994 3979 tis
1040 3913 1200 3979 mihi
1246 3911 1642 3978 manducare
1694 3912 1750 3975 si

912 4064 1031 4129 tiui
1082 4070 1148 4129 et
1193 4062 1470 4130 dedistis
1519 4061 1679 4127 mihi
1725 4062 1792 4128 bi

912 4215 1068 4281 bere
1114 4215 1351 4299 hospes
1398 4225 1508 4279 ern,
1553 4219 1619 4278 et
1660 4215 1744 4278 c“l

914 4365 1171 4449 legistis
1219 4386 1320 4431 me
1370 4365 1576 4431 nudus
1623 4371 1689 4431 et

916 4516 1266 4602 operuistis
1313 4537 1416 4582 me
1459 4517 1610 4581 infir

1003 4688 1142 4734 mus
1189 4677 1252 4732 et
1297 4669 1421 4733 nisi
1839 4670 1924 4732 VI

2052 1191 2132 1254 37

2050 1947 2133 2011 38

1939 2538 1942 2541 ’
2060 2540 2162 2605 39·

2058 2999 2149 3066 40

2064 3909 2144 3974 41

2221 884 2412 950 tastis
2459 905 2561 950 me
2607 883 2673 947 in
2721 902 2984 948 carcere

2224 1048 2336 1101 ere
2379 1041 2445 1101 et
2488 1036 2764 1102 uenistis
2807 1034 2891 1099 ad
2936 1055 3040 1100 me

2223 1194 2377 1254 tunc
2421 1188 2912 1273 respondebunt

2224 1340 2284 1405 ei
2337 1339 2490 1405 iusti
2535 1338 2832 1406 dicentes
2875 1340 3005 1407 dfie

2224 1491 2485 1574 quando
2531 1498 2596 1557 te
2643 1491 2926 1558 uidimus
2971 1513 3009 1559 e

2224 1643 2514 1709 suriente
2561 1650 2626 1707 et
2671 1643 2971 1727 pauimus

2224 1795 2556 1861 sitientem
2603 1800 2669 1860 et
2713 1793 3011 1861 dedimvs

2222 1946 2339 2011 tibi
2387 1953 2546 2030 potfl
2593 1945 2853 2029 quando
2900 1967 2984 2012 av

2233 2105 2297 2164 te
2344 2105 2407 2163 te
2453 2097 2737 2163 uidimus
2781 2096 2974 2182 hospi

2231 2257 2360 2315 tem
2408 2256 2474 2315 et
2516 2249 2921 2333 suscepimus

2229 2408 2293 2468 te
2339 2408 2452 2467 aut
2496 2401 2673 2467 nudfi
2721 2408 2787 2466 et
2829 2421 3032 2485 operu

2234 2551 2398 2617 imus
2445 2559 2509 2618 te
2555 2562 2667 2618 aut
2713 2551 2975 2636 quando

2233 2710 2298 2769 te
2342 2703 2626 2770 uidimus
2669 2704 2929 2769 infirm&

2232 2862 2344 2927 aut
2390 2856 2455 2920 in
2499 2862 2829 2923 carcerem
2877 2861 2943 2920 et

2235 3007 2530 3073 uenimus
2575 3007 2661 3073 ad
2705 3012 2770 3072 te
2816 3012 2882 3073 et
2925 3027 2997 3073 re

2232 3159 2564 3243 spondens
2610 3180 2728 3225 rex
2771 3157 2933 3224 dicit

2232 3309 2367 3374 illis
2413 3330 2604 3375 amen
2653 3308 2801 3375 dico
2845 3307 3034 3375 uobis

2233 3459 2474 3544 quadiu
2519 3459 2768 3526 fecistis
2813 3459 2926 3527 uni

2232 3610 2314 3677 de
2359 3611 2462 3677 his
2511 3611 2756 3677 fratrib'
2797 3610 2959 3678 meis
3006 3611 3096 3675 mi

2232 3761 2427 3826 nimis
2473 3762 2632 3827 mihi
2677 3761 2925 3828 fecistis

2236 3921 2390 3979 tunc
2435 3912 2596 3979 dicit
2640 3919 2705 3977 et
2750 3913 2853 3979 his
2898 3913 3008 3996 qui

2237 4086 2278 4131 a
2320 4063 2605 4130 sinistris
2650 4070 2838 4129 erunt
2882 4063 2985 4130 dis

2236 4216 2451 4282 cedite
2499 4238 2540 4283 a
2583 4237 2686 4284 me
2732 4213 3015 4281 maledic

2234 4366 2282 4432 ti
2330 4368 2394 4431 in
2446 4367 2598 4452 igne
2647 4374 2918 4435 aeterni]

2234 4519 2344 4602 qui
2391 4526 2658 4603 paratus
2704 4527 2805 4586 est
2849 4517 3048 4585 diabo

2316 4672 2381 4734 lo
2429 4680 2493 4735 et
2538 4671 2796 4754 angelis
2842 4671 2980 4736 cius
