3634 5717
729 631 815 697 60
848 674 857 687 κ

758 832 845 896 50
930 832 1180 897 iustoru
1228 838 1294 898 et
1341 831 1603 898 mittent

935 1004 1047 1050 eos
1093 984 1162 1049 in
1208 983 1473 1049 eaminu
1518 983 1694 1067 ignis
1742 986 1761 1050 i

934 1135 1026 1201 ibi
1073 1135 1197 1202 erit
1240 1135 1429 1202 fletus
1476 1142 1542 1201 et
1585 1138 1700 1201 stri

761 1290 841 1355 51
932 1278 1052 1345 dor
1096 1280 1323 1346 deutin
1370 1285 1529 1353 intel

931 1432 1187 1499 lexistis
1232 1435 1397 1502 haec
1442 1439 1665 1505 omnia

759 1579 843 1644 52
931 1584 1156 1651 dieunt
1202 1587 1263 1652 ei
1307 1591 1487 1654 etiam
1534 1596 1599 1656 et
1643 1591 1740 1658 ait

932 1735 1062 1802 illis
1110 1737 1260 1805 ideo
1307 1740 1519 1806 omnis
1561 1744 1689 1808 seri

928 1887 1013 1952 ha
1058 1887 1286 1955 doetus
1330 1890 1397 1956 in
1445 1913 1651 1978 regno

882 2070 887 2077 ·
927 2040 1167 2106 oaeloru
1213 2041 1449 2108 similis
1495 2052 1595 2110 est

926 2190 1173 2258 homini
1219 2194 1391 2279 patri
1437 2197 1596 2262 fami
1717 2230 1731 2241 ·

924 2342 1050 2409 lias
1097 2344 1207 2427 qui
1251 2348 1501 2429 profert
1541 2348 1624 2415 de

922 2495 1273 2563 thensauro
1317 2519 1433 2564 suo
1481 2521 1565 2567 no

921 2666 1007 2711 ua
1051 2646 1117 2713 et
1160 2656 1388 2715 uetera

719 2796 860 2924 B5342
918 2797 1003 2861 Et
1044 2798 1221 2864 factu
1269 2807 1370 2866 est
1412 2813 1492 2868 eu
1538 2826 1657 2871 eon

761 2894 784 2924 Γ

716 2932 888 3026 ult1¹⁴²
921 2958 1249 3017 sufflasset
1294 2952 1397 3017 ihe
1447 2975 1610 3038 para

716 3035 866 3180 Ξὲτὲὲῼ
917 3099 1105 3167 bulas
1150 3102 1312 3169 istas
1359 3111 1504 3171 tran

740 3255 827 3320 54
915 3251 1029 3317 siit
1073 3252 1227 3319 inde
1313 3257 1396 3322 Et
1441 3260 1710 3326 ueniens

914 3403 981 3466 in
1028 3394 1243 3488 patria
1280 3427 1464 3474 suam
1510 3410 1671 3478 doce

912 3553 1026 3620 bat
1071 3577 1182 3622 eos
1230 3559 1295 3624 in
1342 3580 1598 3647 synago

911 3705 1016 3790 gis
1061 3720 1217 3774 eoru
1266 3711 1361 3778 ita
1403 3720 1474 3780 ut
1519 3715 1687 3784 mira

908 3866 1131 3925 rentur
1174 3869 1240 3927 et
1285 3861 1578 3932 dicerent

908 4009 1080 4077 unde
1125 4013 1277 4078 huie
1322 4019 1509 4082 tanta
1552 4038 1629 4084 sa

909 4161 1162 4245 pientia
1206 4163 1346 4231 haeo
1390 4173 1456 4232 et
1499 4168 1601 4233 uir

734 4309 821 4375 55
907 4318 1077 4380 tutes
1123 4334 1338 4381 nonne
1376 4282 1491 4383 „hic
1535 4328 1635 4386 est

906 4463 1074 4530 fabri
1119 4465 1291 4539 filius
1334 4489 1463 4544 non

1818 4635 1919 4702 III

1785 634 1877 699 Mt
1921 634 1971 701 O
2021 637 2227 703 1314

2261 857 2342 904 ne
2390 844 2599 903 mater
2644 837 2785 902 eius
2832 836 2963 902 diei

2260 994 2362 1054 tur
2401 988 2611 1055 maria
2655 995 2721 1055 et
2765 991 2928 1055 fratr

2261 1160 2331 1205 es
2379 1139 2518 1205 eius
2563 1140 2830 1206 iacobus
2877 1148 2942 1207 et

2257 1291 2485 1375 ioseph
2533 1298 2599 1357 et
2641 1291 2840 1356 Simon
2890 1298 2955 1357 et
3003 1330 3018 1343 κ

2082 1443 2168 1509 56
2254 1442 2442 1508 iudas
2488 1449 2555 1510 et
2598 1463 2855 1509 sorores

2254 1594 2393 1660 eius
2439 1616 2657 1662 nonne
2703 1615 2928 1662 omnes

2256 1747 2432 1832 apud
2478 1768 2596 1814 nos
2644 1754 2793 1814 sunt
2839 1748 3013 1814 unde

2255 1920 2412 1984 ergo
2459 1898 2610 1965 huie
2655 1900 2877 1968 omnia
2919 1902 2977 1967 is

2078 2055 2159 2120 57
2249 2058 2319 2117 ta
2362 2059 2428 2118 et
2468 2051 2954 2120 scandaliza¹³⁸n

2049 2143 2112 2183 1nt
2142 2139 2217 2182 143

2046 2191 2192 2286 „2251
2250 2210 2353 2270 tur
2396 2204 2464 2269 in
2503 2225 2581 2270 eo
2627 2205 2737 2269 Ihe
2783 2213 2932 2271 aute

2045 2293 2089 2388 ἐξ
2115 2294 2172 2387 ἕξ
2247 2355 2416 2422 dixit
2459 2356 2556 2424 eis
2603 2377 2731 2422 non
2779 2362 2879 2422 est
2924 2377 3044 2442 pro

2247 2508 2449 2593 pheta
2491 2508 2635 2575 sine
2679 2509 2927 2576 honore

2245 2660 2372 2726 nisi
2418 2661 2485 2726 in
2533 2661 2751 2745 patria
2793 2681 2915 2743 sua

2069 2804 2154 2869 58
2242 2818 2308 2879 et
2350 2812 2418 2878 in
2466 2812 2657 2879 domo
2698 2833 2818 2881 sua
2863 2821 2928 2881 et

2240 2985 2371 3031 non
2415 2965 2571 3032 fecit
2615 2965 2708 3031 ibi
2753 2965 2925 3032 uirtv

2236 3124 2341 3183 tes
2387 3117 2624 3183 multas
2672 3138 2837 3203 prop

2238 3277 2336 3336 ter
2377 3269 2834 3337 incredulitate

2234 3421 2430 3487 illorfl

2030 3566 2080 3632 O
2110 3568 2188 3634 14
2228 3575 2318 3639 Iu
2353 3575 2467 3640 illo
2515 3582 2741 3661 tepore
2785 3575 2940 3643 audi

2031 3653 2093 3697 I3r
2119 3654 2169 3695 43

2031 3705 2198 3799 mt2¹44
2236 3727 2333 3792 uit
2378 3727 2657 3793 herodes
2706 3728 2921 3794 tethar

2029 3819 2099 3850 rnr
2126 3808 2201 3853 157

2028 3860 2148 3973 ἐξ
2228 3877 2355 3946 cha
2398 3881 2575 3946 fama
2620 3881 2734 3947 ihu
2779 3888 2845 3947 et

2231 4031 2326 4097 ait
2369 4033 2589 4115 pueris
2633 4033 2768 4100 suis
2810 4034 2920 4101 hie

2230 4187 2330 4249 est
2373 4182 2677 4252 iohannis
2723 4187 2852 4272 bap

2225 4324 2382 4402 tiata
2427 4335 2570 4420 ipse
2612 4332 2895 4404 surrexit

2224 4508 2266 4552 a
2309 4488 2578 4555 mortuis
2625 4497 2690 4555 et
2738 4490 2886 4558 ideo

2221 4638 2493 4707 uirtutes
2540 4649 2893 4726 operantur
