3634 5717
773 652 894 717 124

801 853 897 979 126
965 850 1049 915 Et
1089 849 1312 915 statim
1357 853 1470 931 sps
1516 844 1772 930 expulit

772 951 843 982 mr

766 989 914 1135 {ml}
974 1022 1120 1068 eum
1167 1001 1233 1066 in
1280 1000 1474 1067 deser
1512 999 1533 1010 “

787 1102 813 1134 0

803 1157 882 1225 13
972 1159 1044 1217 tn
1091 1158 1159 1218 et
1200 1158 1344 1219 erat
1384 1150 1453 1216 in
1499 1126 1760 1216 deserto

972 1317 1089 1368 XL.
1136 1302 1305 1369 dieb'
1355 1309 1421 1369 et
1464 1316 1582 1367 XL.
1628 1297 1864 1365 noetib'

844 1492 849 1507 ·
973 1460 1040 1519 et
1082 1453 1525 1537 temptabatur
1568 1474 1611 1519 a
1653 1458 1892 1518 satana

975 1605 1193 1688 Eratq'
1236 1624 1381 1672 eum
1425 1602 1671 1670 besteis

804 1901 884 1966 14
974 1907 1327 1989 Postqvam
1373 1907 1434 1973 h'
1477 1905 1758 1973 traditus

846 2086 873 2129 4
976 2063 1077 2122 est
1121 2056 1426 2124 iohannis
1473 2057 1654 2124 uenit

975 2207 1082 2274 ihs
1125 2208 1193 2274 in
1239 2164 1550 2293 ’ςαιῑιοαω
1597 2207 1805 2293 praedi

974 2378 1134 2425 eans
1177 2336 1532 2445 euangelia
1573 2378 1694 2443 reg

807 2511 887 2578 15
971 2511 1041 2576 ni
1082 2517 1150 2577 et
1193 2510 1419 2578 dicens
1465 2510 1609 2590 Quo
1652 2511 1834 2593 inple

771 2696 917 2741 mm
975 2667 1048 2726 tu
1092 2666 1196 2727 est
1238 2667 1495 2746 tempus
1541 2669 1608 2728 et
1646 2659 1733 2727 ad

976 2811 1445 2896 propinquauit
1487 2821 1697 2896 regnu

957 2958 1046 3025 di
1092 2960 1519 3044 paenitemini
1543 2968 1612 3030 et
1653 2981 1763 3029 ere

810 3118 890 3185 16
975 3108 1114 3178 dite
1157 3110 1225 3176 in
1270 3113 1622 3198 euangeliu
1668 3119 1735 3181 ot

973 3261 1356 3345 praeteriens
1400 3282 1589 3330 seeus
1631 3285 1742 3331 ma

971 3433 1043 3480 re
1089 3414 1375 3497 galileae
1417 3413 1588 3481 uidit
1629 3415 1796 3480 simo

972 3574 1054 3629 ne
1102 3532 1189 3631 et‘
1211 3564 1460 3632 andrea
1501 3565 1701 3632 fratre

973 3712 1114 3781 eius
1157 3714 1492 3784 mittentes
1536 3716 1707 3782 retia

880 3908 887 3913 -
971 3863 1040 3930 in
1086 3885 1267 3934 mare
1312 3874 1502 3933 erant
1544 3867 1720 3934 enim

805 4010 882 4075 17
972 4013 1337 4099 piscatores
1383 4018 1466 4082 Et
1507 4016 1676 4083 dixit
1719 4017 1817 4084 eis

768 4096 923 4292 Ξῖἕ
977 4163 1083 4230 ihs
1132 4165 1354 4232 uenite
1396 4173 1548 4251 post
1586 4187 1693 4235 me

976 4322 1047 4382 et
1086 4315 1262 4382 facia
1303 4334 1422 4382 uos
1463 4315 1606 4384 fieri
1651 4319 1756 4402 pis

805 4467 886 4533 18
972 4472 1229 4534 catores
1272 4467 1543 4535 hominu
1588 4475 1656 4535 et

1143 4620 1443 4706 protinus

847 1766 875 1809 6
977 1761 1045 1821 et
1087 1756 1311 1839 angeli
1359 1754 1819 1822 ministrabant
1862 1748 1924 1819 ei

1902 642 2174 708 Mrcl

2290 844 2538 911 relictis
2588 843 2775 910 retib'
2809 844 3015 910 secuti

2123 998 2199 1061 19
2289 1002 2441 1061 sunt
2484 1014 2631 1061 eum
2679 995 2762 1061 Et
2807 1014 3082 1079 progres

2087 1081 2234 1124 mrll

2090 1133 2237 1227 mt⁶12
2295 1164 2406 1212 sus
2451 1145 2606 1212 inde
2651 1145 2896 1228 pusilh’r
2941 1145 3113 1212 uidit

2292 1296 2590 1363 iacobum
2630 1296 2897 1363 zebedei
2944 1304 3011 1364 et

2293 1450 2578 1516 iohanne
2624 1451 2825 1515 fratre
2871 1448 3012 1514 eius

2296 1609 2362 1668 et
2405 1587 2586 1685 ipsos
2632 1600 2699 1665 in
2746 1600 2900 1665 nani
2946 1620 3067 1665 eon

2120 1754 2207 1819 20
2292 1758 2613 1837 ponentes
2656 1750 2830 1818 retia
2871 1759 2939 1818 et

2294 1910 2451 1969 stati
2495 1903 2760 1971 uocauit
2804 1903 2849 1969 il

2294 2055 2392 2120 los
2438 2062 2505 2121 et
2546 2054 2778 2121 relicto
2817 2060 3004 2138 patre

2294 2226 2412 2273 suo
2455 2206 2740 2273 zebedeo
2785 2206 2850 2271 in
2899 2204 3054 2271 naui

2294 2358 2622 2426 eennariis
2660 2358 2869 2426 secuti
2912 2364 2975 2424 st
3017 2367 3100 2424 eu

2120 2514 2200 2577 21
2292 2509 2377 2574 Et
2420 2508 2879 2593 ingrediuntur
2923 2529 3003 2576 ea

2088 2699 2210 2744 1023
2295 2660 2596 2745 pharnau
2643 2666 2710 2727 et
2752 2659 2977 2726 statim

2293 2811 2587 2878 sabbatis
2634 2811 2971 2896 ingressus

2293 2981 2711 3047 synagogam
2754 2962 2919 3029 does

2121 3121 2205 3185 22
2292 3115 2407 3181 bat
2452 3133 2584 3181 eos.
2630 3114 2714 3180 Et
2757 3114 3110 3198 stupebant

2086 3256 2233 3351 ,βω
2291 3284 2489 3350 super
2533 3264 2831 3331 doctrina
2872 3264 3014 3332 eius

2290 3421 2434 3482 erat
2477 3416 2653 3481 enim
2697 3415 2941 3483 doeens
2986 3435 3119 3499 qva

2289 3565 2347 3632 si
2392 3572 2720 3650 potestate
2766 3566 3015 3633 habens

2293 3722 2361 3782 et
2403 3736 2534 3783 non
2579 3717 2749 3782 siout
2796 3718 3053 3785 scribae

2119 3879 2205 3944 23
2293 3867 2378 3932 Et
2421 3872 2563 3933 erat
2605 3867 2800 3935 homo
2846 3869 2914 3935 in
2957 3888 3130 3954 syna

2089 3964 2241 4109 ¹33?
2292 4037 2474 4102 goga
2515 4029 2672 4085 eoru
2718 4020 2784 4086 in
2831 4032 2957 4107 spu
3001 4020 3069 4085 in

2292 4168 2536 4237 mundo
2581 4177 2648 4237 et
2690 4172 3002 4238 clamauit

2117 4318 2206 4383 24
2289 4318 2516 4386 dioens
2561 4320 2720 4404 quid
2762 4322 2954 4390 nobis
2998 4329 3065 4389 et

2293 4470 2411 4538 tibi
2457 4472 2573 4538 ihu
2617 4492 2941 4540 nazarene
2982 4492 3067 4538 ue

2296 4622 2449 4689 nisti
2495 4624 2771 4708 perdere
2817 4645 2937 4690 nos
