3634 5717
729 642 851 708 172
1859 644 1956 709 Mr
1999 643 2050 711 O
2101 645 2179 712 14

933 847 1152 930 pistici
1201 845 1490 930 praetiosi
1537 851 1604 910 et
2123 851 2165 914 9
2253 866 2443 912 amen
2492 844 2640 912 dico
2686 846 2875 912 uobis
2913 866 2956 911 u

930 999 1136 1065 fracto
1180 1000 1514 1064 alabastro
1562 998 1634 1062 ef
2254 997 2465 1082 biefiq’
2510 996 2873 1083 praedicatu
2919 998 3027 1063 fue

932 1149 1101 1214 fudit
1145 1170 1342 1233 super
1386 1150 1599 1233 capud
2250 1148 2339 1213 rit
2375 1148 2499 1214 hoc
2544 1149 2852 1232 euangeli

797 1303 841 1366 4
929 1301 1069 1368 eius
1116 1308 1303 1367 erant
1350 1309 1500 1365 aute
1547 1301 1655 1384 qui
2253 1319 2358 1364 um
2406 1301 2472 1364 in
2516 1300 2821 1366 uniuerso
2867 1320 3052 1373 mun.

928 1453 1015 1519 da
1059 1452 1335 1536 indigne
1388 1453 1566 1517 feren
2117 1533 2128 1543 ·
2252 1449 2337 1515 do
2383 1459 2449 1516 et
2490 1451 2664 1533 quod
2708 1452 2850 1518 haec
2892 1451 3049 1517 fecit

929 1611 1028 1671 tes
1075 1604 1248 1670 intra
1291 1609 1500 1669 semet
1544 1602 1723 1685 ipsos
2245 1602 2623 1667 ⁴narrabitur
2667 1603 2733 1668 in
2781 1624 2886 1669 me

2084 1752 2164 1817 1Ο
2251 1753 2457 1819 moria
2500 1754 2640 1820 eius
2685 1755 2767 1819 Et
2813 1754 3003 1821 iudas

2049 1851 2119 1881 mr
2144 1837 2222 1880 160

2047 1890 2218 1983 mt²270
2253 1905 2540 1971 scarioth
2588 1926 2751 1972 unus
2796 1906 2884 1972 de

930 1764 998 1822 et
1042 1756 1337 1821 dicentes
1379 1761 1449 1820 ut
1494 1753 1650 1838 quid

854 1902 861 1910 ’
930 1906 1214 1992 perditio
1259 1907 1390 1972 ista
1432 1907 1745 1999 unquenti
2049 1992 2092 2034 lc
2115 1992 2196 2033 263

932 2059 1111 2124 facta
1154 2065 1254 2124 est
1298 2065 1556 2142 poterat

930 2210 1139 2276 ueniri
1188 2212 1523 2294 unguentfi
1567 2210 1626 2276 is

929 2359 1041 2426 tud
1089 2361 1235 2446 plus
1279 2346 1406 2444 qua
1448 2368 1669 2426 trecen

930 2514 1015 2579 tis
1062 2513 1351 2579 denariis
1396 2521 1463 2578 et
1507 2514 1651 2579 dari

933 2665 1267 2748 pauperib'
1312 2673 1378 2730 et
1422 2668 1629 2733 freme

930 2818 1090 2881 bant
1134 2816 1201 2880 in
1246 2818 1330 2883 θῇ
1377 2816 1479 2880 ihs
1526 2823 1676 2881 aute

928 2967 1099 3032 dixit
1141 2967 1339 3033 sinite
1385 2978 1464 3032 ea
1506 2975 1577 3033 ut
1618 2967 1772 3050 qvid

929 3118 1027 3183 illi
1072 3118 1329 3183 molesti
1373 3118 1532 3183 estis
1578 3120 1661 3184 bo

929 3269 1018 3332 nu
1061 3287 1224 3352 opus
1265 3275 1539 3352 operata
1582 3276 1683 3335 est

929 3419 997 3483 in
1045 3439 1149 3484 me
1192 3430 1387 3504 seper
1432 3432 1540 3486 eni
1588 3441 1715 3505 pau

928 3590 1117 3654 peres
1162 3571 1489 3637 habebitis
1533 3591 1616 3637 uo

926 3722 1110 3787 biscfi
1155 3730 1221 3789 et
1265 3725 1342 3788 οἵ]
1392 3725 1642 3790 uolneri

923 3875 1009 3938 tis
1055 3874 1328 3957 potestis
1375 3875 1508 3940 illis
1553 3874 1635 3940 be

924 4045 1006 4090 ne
1052 4025 1268 4090 facere
1315 4045 1418 4090 me
1464 4046 1548 4090 au

922 4175 986 4239 'te
1031 4195 1157 4239 non
1202 4183 1398 4267 seper
1441 4177 1612 4243 habe

922 4650 1213 4714 unguere
1258 4650 1494 4714 corpus
1536 4652 1643 4717 ‘me

926 4767 969 4829 fi
1016 4766 1083 4830 in
1130 4766 1464 4850 sepultura

2091 2518 2162 2580 ll

2087 3427 2163 3489 12

2255 2056 2533 2123 duodeci
2580 2058 2745 2122 abiit
2783 2058 2867 2123 ad

2254 2208 2584 2292 principes
2631 2208 2904 2275 sacerdo

2253 2361 2324 2424 tu
2370 2366 2442 2426 ut
2484 2358 2791 2443 proderet
2834 2360 2916 2439 est

2254 2512 2388 2593 illis
2432 2512 2543 2595 qui
2594 2509 2937 2577 audientes

2251 2664 2468 2750 ganisi
2511 2670 2664 2730 sunt
2707 2670 2775 2729 et
2818 2681 2937 2747 pro

2252 2816 2569 2882 miserunt
2612 2815 2674 2882 ei
2721 2813 2955 2897 pecvni

2253 2989 2358 3034 am
2403 2989 2476 3034 se
2520 2967 2788 3033 daturos
2833 2973 2900 3032 et

2254 3120 2571 3203 querebat
2614 3138 2850 3202 quomo

2256 3270 2340 3336 do
2380 3270 2499 3334 illn
2545 3277 2864 3354 oportune

2250 3421 2539 3488 traderet
2586 3428 2652 3486 et
2698 3421 2797 3504 pri

2252 3593 2357 3638 mo
2404 3572 2513 3638 die
2557 3572 2909 3638 azimorum

2250 3724 2512 3808 quando
2560 3725 2809 3808 pascha
2852 3723 2939 3788 im

2250 3876 2586 3942 molabant
2630 3875 2856 3941 dicunt

2249 4028 2309 4093 ei
2357 4027 2665 4111 discipuli
2711 4047 2837 4110 quo

2250 4178 2349 4244 uis
2395 4198 2620 4245 eamus
2663 4185 2730 4243 et
2774 4197 2934 4260 pare

792 4343 831 4405 8
922 4325 1077 4390 bitis
1123 4325 1312 4402 Quod
1358 4325 1584 4392 habuit
2249 4350 2391 4396 mus
2437 4330 2558 4394 tibi
2602 4337 2673 4394 nt
2719 4327 2958 4394 mandu

717 4426 893 4571 2:453
920 4478 1063 4543 haec
1110 4478 1264 4544 fecit
1311 4479 1630 4563 praenenit
2085 4478 2159 4542 13
2248 4502 2358 4548 ces
2403 4481 2656 4566 paseha
2699 4487 2765 4545 et
2807 4439 2894 4543 πῆ

716 4579 761 4623 ιο
786 4580 839 4623 so

2248 4632 2338 4698 sit
2377 4633 2539 4697 duos
2584 4652 2670 4696 ex
2713 4631 2968 4714 discipu

2554 4766 2637 4831 lis
2681 4765 2817 4832 suis
