3634 5717
1210 1867 2068 1988 Prolegomena.

1484 2111 1787 2118 ——-—-———.

1611 2244 1665 2321 1.

528 2399 925 2521 Asservatur
977 2463 1037 2520 in
1081 2461 1434 2522 bibliotheca
1478 2464 1637 2534 regia
1676 2462 2006 2521 Holmiensi
2048 2463 2230 2522 codex
2275 2465 2702 2534 manuscriptus
2746 2484 2918 2524 mem·

353 2545 696 2623 branaceus,
757 2548 878 2623 qui,
941 2547 1096 2618 quod
1140 2547 1335 2619 aliqua
1379 2567 1449 2606 ex
1494 2557 1660 2619 parte
1705 2548 1923 2607 litteris
1969 2549 2162 2607 aureis
2206 2548 2459 2620 scriptus
2504 2548 2614 2625 est',
2682 2549 2916 2608 codex

356 2652 445 2689 au
463 2652 633 2691 reus
658 2627 707 2705 ¹)
740 2631 1084 2706 appellatur,
1117 2642 1178 2692 et
1207 2641 1485 2704 quattuor
1512 2632 1810 2705 evangelia
1837 2632 2047 2692 Latine
2078 2632 2362 2692 translata
2389 2634 2667 2695 continet.
2729 2631 2915 2705 Quem

355 2737 533 2788 quum
586 2726 897 2776 auctumno
954 2719 1088 2776 anni
1151 2721 1307 2777 1875
1366 2719 1785 2790 examinarem,
1855 2719 2040 2790 primo
2109 2719 2222 2777 iam
2289 2718 2566 2790 adspectu
2633 2719 2913 2796 intellexi,

356 2801 796 2861 translationem
851 2823 965 2861 non
1025 2802 1239 2875 ubique
1293 2823 1421 2862 cum
1469 2802 1723 2876 Vulgata
1766 2804 2096 2863 consentire
2141 2824 2207 2862 ac
2251 2804 2468 2875 passim
2515 2804 2913 2864 memorabiles

350 2888 744 2959 antiquiorum
812 2908 1044 2960 quoque
1102 2887 1545 2947 translationum
1610 2888 1890 2948 lectiones
1953 2889 2246 2949 exhibere.
2358 2888 2639 2961 Sequenti
2704 2890 2912 2952 deinde

351 2992 530 3046 anno,
587 2993 763 3044 quum
817 2973 889 3032 ad
941 2994 1064 3033 rem
1115 2974 1452 3046 diligentius
1505 2975 1910 3045 inquirendam
1963 2975 2172 3034 iterum
2225 2994 2316 3033 me
2369 2975 2664 3034 Holmiam
2714 2985 2913 3035 contu-

350 3056 566 3132 lissem,
615 3068 804 3117 totum
848 3059 1103 3118 codicem
1136 3060 1219 3118 ita
1248 3059 1550 3136 descripsi,
1596 3069 1664 3118 ut
1708 3079 1822 3119 non
1867 3060 2054 3119 solum
2094 3060 2332 3133 paginas
2371 3071 2434 3118 et
2461 3080 2665 3119 versus
2709 3081 2910 3131 presso

349 3143 596 3215 vestigio
640 3163 944 3220 sequerer,
1010 3164 1210 3204 verum
1277 3145 1453 3203 etiam
1515 3145 1573 3203 in
1642 3144 1937 3204 erroribus
1991 3156 2053 3205 et
2108 3146 2521 3217 suprascriptis
2579 3146 2912 3204 mutationi·

346 3226 456 3287 bus
500 3228 644 3287 nihil
700 3239 1003 3307 mutarem,
1049 3249 1234 3301 neque
1289 3230 1602 3302 quidquam
1671 3231 1805 3289 novi
1853 3230 2159 3304 inferrem,
2221 3230 2333 3289 nisi
2379 3230 2533 3301 quod
2578 3231 2909 3288 continuam

347 3313 694 3384 scripturam
741 3315 799 3373 in
866 3326 1136 3386 separata
1200 3314 1378 3374 verba
1443 3314 1836 3376 dissolverem.
1944 3314 2015 3374 In
2082 3335 2197 3386 qua
2262 3335 2323 3373 re
2390 3315 2525 3374 dum
2594 3323 2909 3386 occupatus

348 3417 496 3477 sum,
541 3419 671 3458 mox
716 3400 1062 3474 apparebat,
1128 3401 1186 3459 in
1232 3400 1679 3474 codice-aureo,
1746 3420 2092 3471 quamquam
2138 3400 2338 3458 multis
2404 3398 2546 3458 locis
2607 3419 2786 3470 prope
2836 3399 2909 3458 ad

347 3482 659 3556 Vulgatam
705 3485 962 3561 accedat,
1008 3505 1119 3544 non
1166 3485 1349 3556 ipsam
1384 3495 1574 3544 tamen
1604 3484 1918 3556 Vulgatam
1963 3485 2269 3554 contineri,
2316 3484 2417 3543 sed
2472 3484 2908 3543 translationem

348 3568 708 3639 Hieronymo
776 3572 1183 3642 antiquiorem,
1252 3569 1311 3627 id
1379 3570 1552 3644 quod,
1621 3570 1670 3628 si
1717 3569 1931 3629 multos
1975 3570 2191 3628 codicis
2257 3569 2413 3627 locos
2466 3589 2595 3627 cum
2653 3568 2911 3640 Vulgata

345 3654 756 3725 codicibusque
832 3652 1017 3713 Italae
1082 3663 1254 3713 antea
1333 3654 1539 3727 editis,
1620 3674 1805 3725 neque
1886 3674 2000 3713 non
2080 3674 2210 3712 cum
2277 3654 2566 3713 nonnullis
2627 3673 2699 3712 ex
2747 3655 2909 3720 ‚anti-

346 3739 644 3811 quissimis
711 3738 1007 3799 codicibus
1074 3736 1315 3799 Graecis
1399 3749 1460 3798 et
1538 3758 1670 3797 cum
1735 3739 2087 3798 testimoniis
2153 3738 2396 3798 Patrum
2463 3739 2908 3816 comparaveris,

344 3824 716 3884 manifestum
758 3825 875 3887 fiet.

516 3909 630 3969 His
675 3911 1030 3987 praemissis,
1077 3910 1285 3970 deinde
1331 3910 1402 3969 de
1448 3911 1698 3986 forma,
1761 3909 2190 3985 scriptura,
2237 3909 2619 3983 dictione,
2666 3910 2905 3968 ortho-

343 3996 669 4072 graphia,
769 3995 1355 4079 migrationibus,
1460 3995 1722 4072 patria,
1818 4003 2056 4053 aetate
2154 3995 2370 4054 codicis
2458 3994 2642 4053 nostri
2716 3994 2905 4054 dicen·

346 4080 479 4139 dum
528 4091 632 4141 est.

497 4317 537 4364 ι)·
557 4314 841 4362 Meutionem
869 4317 926 4361 de
953 4316 1111 4361 codice
1139 4331 1280 4361 aureo
1308 4319 1482 4360 factam
1510 4315 1667 4360 inveni
1696 4315 1743 4359 in
1776 4315 1851 4359 his
1877 4314 2028 4360 libris:
2063 4315 2119 4358 G.
2142 4314 2193 4358 P.
2224 4313 2582 4359 Liliebladui
2608 4312 2786 4366 Ecloga
2811 4321 2899 4360 eto.

346 4384 560 4430 Holmiae
584 4385 689 4429 1706
723 4398 828 4437 pag.
857 4386 906 4434 l:
946 4382 1013 4429 M.
1043 4383 1096 4429 Ο.
1128 4384 1309 4429 Celsii
1349 4383 1470 4428 Bibl.
1507 4382 1663 4433 regiae
1691 4380 2043 4427 Stockholmiae
2070 4383 2280 4427 historia.
2336 4381 2502 4428 Stckh.
2530 4382 2630 4426 1751
2665 4396 2773 4435 pag.
2802 4384 2898 4434 179;

340 4453 432 4498 Ios.
463 4453 780 4498 Blanchini
821 4452 1202 4504 Evanoeoliarium
1237 4451 1531 4503 quadruplex
1565 4449 1742 4496 Romae
1769 4452 1870 4495 1748
1896 4449 1960 4494 11.
2000 4464 2108 4502 pag.
2125 4450 2204 4495 597
2228 4449 2499 4500 (secuudum
2526 4449 2899 4501 Liliebladinml:

342 4520 394 4566 L.
424 4520 900 4566 Hammarskiiild
944 4521 1001 4566 in
1032 4520 1228 4573 »Lyceo«
1262 4518 1427 4564 Stckh.
1456 4519 1557 4564 1811
1602 4519 1671 4564 11.
1717 4532 1824 4570 pag.
1855 4519 1952 4569 137;
2000 4518 2250 4566 Christiani
2297 4518 2565 4565 Molbech
2622 4519 2793 4563 »Breve
2827 4520 2902 4562 fra

342 4588 554 4638 Sverige=
587 4587 803 4632 Havniae
828 4588 928 4632 1817
954 4588 1022 4633 ΙΙ.
1050 4602 1157 4641 ρος,
1184 4588 1257 4638 81;
1302 4586 1485 4632 Erasmi
1518 4586 1625 4632 Chr.
1656 4586 1809 4631 Rask
1859 4587 2243 4637 ·Angelsaohsisk
2286 4586 2566 4639 sprosslaere·
2607 4585 2772 4631 Stckh.
2801 4587 2902 4631 1817

339 4671 446 4711 pag.
475 4657 573 4707 166:
620 4655 805 4707 Georgii
833 4655 1119 4710 Stephens
1158 4655 1519 4706 »Forteckninffl
1559 4661 1648 4700 etc.
1686 4654 1851 4700 Stckh.
1879 4655 1980 4698 1847
2008 4669 2113 4707 pag.
2142 4656 2164 4698 1
2193 4661 2238 4700 ct
2265 4655 2470 4700 ciusdem
2511 4654 2643 4699 ¹»Two
2670 4655 2827 4698 leaves
2852 4655 2906 4698 os

340 4724 468 4776 King
494 4723 736 4770 Walderes
763 4725 865 4776 lay·
894 4723 1112 4770 Havniae
1144 4725 1271 4776 1862:
1313 4721 1354 4768 1.
1388 4723 1707 4768 Westwood
1751 4721 2074 4767 »Miniatureffl
2105 4721 2305 4768 Londini
2330 4724 2433 4768 1868
2458 4721 2546 4766 No.
2575 4721 2600 4766 1
2627 4726 2672 4767 et
2703 4721 2901 4767 Gustavi

341 4793 556 4838 Thomd
596 4790 826 4844 »sutoriam
852 4792 1143 4839 manu-eraut
1166 4790 1413 4838 handbok·
1446 4789 1612 4836 Stckh.
