3634 5717
818 638 893 702 ιε
1854 590 2260 709 ’Μιοιε

816 842 894 908 19
983 839 1066 908 de
1113 852 1237 927 spfi
1282 853 1394 909 εεό
1439 842 1679 927 loseph
1726 865 1807 911 au
2134 850 2219 913 24
2305 854 2441 911 tum
2490 841 2826 909 nobiscum
2874 839 2974 906 de.
3020 859 3184 906 exur

815 931 885 971 mt
907 928 933 970 4

862 977 915 1021 ¹⁰
986 1002 1119 1061 tem
1164 994 1268 1060 uir
1311 994 1452 1061 eius
1499 1014 1643 1060 cum
1686 1004 1865 1063 εεεει

807 2675 889 2740 21

799 4045 883 4109 23

978 1147 1175 1214 homo
1219 1146 1429 1214 iustus
1477 1148 1765 1214 etrnclet

981 1319 1126 1366 eam
1174 1298 1519 1366 traducere
1567 1298 1778 1366 uoluit

982 1451 1196 1517 oculte
1242 1450 1588 1518 demittere
1638 1457 1718 1518 ei

980 1604 1147 1670 haec
1187 1608 1340 1669 aute
1386 1624 1465 1670 eo
1511 1603 1777 1688 cog-itan

979 1762 1045 1821 ιε
1091 1774 1243 1821 ecce
1289 1755 1564 1839 angelus
1611 1755 1727 1822 dni
1770 1779 1946 1843 appa

980 1907 1111 1974 ruit
1155 1912 1222 1972 ει
1265 1905 1331 1972 in
1374 1905 1622 1973 somnis
1668 1907 1896 1975 dicens

980 2058 1211 2145 ioseph
1257 2059 1353 2126 fili
1399 2059 1603 2164 david
1647 2061 1784 2126 noli
1831 2061 1879 2127 ti

981 2233 1160 2280 mere
1203 2212 1504 2298 accipere
1550 2214 1759 2280 marii

979 2365 1325 2450 coniugem
1372 2373 1551 2433 tuam
1598 2367 1773 2452 quod

981 2519 1154 2584 enim
1195 2517 1261 2582 in
1312 2538 1393 2584 ea
1438 2526 1662 2585 natum
1713 2525 1815 2585 εει
1860 2520 1944 2586 de

980 2672 1103 2756 spfi
1142 2681 1254 2736 εεὸ
1300 2675 1402 2736 εει
1443 2670 1658 2755 pariet
1702 2692 1786 2737 au

980 2831 1112 2888 tem
1156 2821 1363 2888 filium
1410 2828 1478 2889 et
1520 2824 1790 2890 vocabis

977 2995 1214 3041 nomen
1263 2973 1404 3039 eivs
1448 2973 1583 3039 ihm
1629 2974 1775 3061 ipse
1816 2989 1925 3042 eni

977 3128 1231 3195 saluum
1277 3127 1477 3194 faciet
1522 3128 1770 3213 populfl

976 3300 1159 3347 suum
1208 3302 1249 3346 a
1294 3279 1585 3365 peccatis
1632 3281 1790 3346 corti

974 3433 1100 3499 hoc
1144 3440 1359 3500 autem
1407 3441 1612 3500 totum
1659 3434 1840 3500 factfi

976 3592 1076 3654 εει
1119 3593 1187 3652 ιιι
1229 3586 1699 3672 adimpleretur

971 3738 1145 3824 quod
1189 3738 1367 3806 diets:
1418 3747 1518 3807 εει
1562 3760 1605 3806 a
1646 3738 1778 3805 dfio
1826 3758 1944 3822 per

974 3890 1223 3958 esaiam
1272 3890 1664 3975 prophetam
1711 3890 1779 3956 di

972 4047 1224 4109 centem
1273 4060 1425 4108 ecce
1470 4040 1658 4125 uirgo
1704 4042 1771 4107 in
1817 4064 1857 4108 u

970 4201 1109 4260 tero
1156 4191 1438 4277 accipiet
1480 4201 1547 4260 et
1591 4195 1805 4278 pariet

970 4346 1175 4413 filium
1224 4351 1291 4410 ει
1333 4346 1660 4413 vocabunt
1705 4368 1791 4413 no

966 4514 1116 4562 men
1157 4496 1299 4562 eius
1346 4499 1713 4566 emmanuel

964 4650 1135 4735 qvod
1184 4658 1285 4716 εει
1326 4651 1709 4734 interpraete

2306 1016 2472 1081 gens
2519 1003 2736 1063 autem
2783 993 3013 1078 ioseph
3055 1014 3099 1059 a
3141 1002 3220 1057 εό

2306 1170 2391 1216 no
2433 1148 2591 1215 fecit
2633 1147 2732 1213 sic
2775 1154 2846 1213 ιιι
2891 1144 3208 1231 praecepit

2305 1301 2367 1368 ei
2412 1301 2690 1385 angelus
2731 1297 2847 1365 diri
2894 1305 2960 1364 et
3004 1297 3265 1381 accepit

2133 1454 2327 1521 25†·0t)
2382 1454 2728 1537 coniugem
2774 1452 2984 1518 smarn'f
3030 1472 3159 1517 non
3204 1472 3342 1535 cog

2303 1604 2490 1673 nouit
2532 1626 2680 1673 eam
2727 1604 2940 1670 donec
2977 1604 3237 1690 peperit

2303 1758 2506 1824 filium
2553 1777 2737 1824 suum
2784 1757 3085 1843 primoge

2303 1911 2509 1977 nitum
2556 1917 2624 1977 ει
2667 1910 2931 1978 uocauit
2975 1932 3209 1979 nomen

2305 2063 2447 2130 eius
2491 2061 2626 2130 ihm

2134 2214 2184 2281 C
2224 2218 2267 2282 2
2311 2215 2472 2282 Cum
2519 2236 2679 2300 ergo
2726 2223 2918 2284 natus
2963 2225 3141 2285 εεεει

2133 2300 2198 2346 Βι·
2223 2302 2250 2345 2

2303 2368 2407 2434 ihs
2441 2368 2517 2444 ‚in
2563 2369 2890 2437 bethleem
2940 2370 3099 2437 iuda
3141 2371 3211 2436 in

2301 2519 2470 2588 dieb'
2515 2521 2780 2589 herodis
2825 2522 3007 2607 regis
3052 2543 3130 2588 ec

2302 2695 2377 2740 ce
2423 2674 2606 2759 magi
2651 2675 2735 2741 ab
2781 2673 3035 2740 oriente
3080 2693 3160 2739 ιιε

2302 2834 2537 2893 nerunt
2575 2824 3022 2911 hierusolymfi,

2300 2976 2597 3045 dicentes
2640 2978 2752 3045 ubi
2800 2985 2901 3045 εει
2944 2979 3055 3062 qvi
3099 3001 3190 3045 na

2299 3138 2403 3196 tus
2449 3138 2552 3197 εει
2590 3150 2706 3197 rex
2753 3129 3026 3197 iudeorfi
3074 3131 3141 3196 vi

2300 3247 2514 3348 (limfis
2559 3283 2734 3348 enim
2780 3283 3041 3350 stellam

2296 3433 2437 3500 eius
2484 3434 2550 3499 in
2597 3435 2851 3502 oriente
2896 3447 2961 3501 ει
3005 3437 3159 3502 veni

2299 3607 2438 3653 mus
2484 3587 2763 3654 adorare
2795 3597 2954 3654 ‘eum
3001 3589 3159 3657 audi

2296 3757 2411 3804 ειιε
2459 3747 2675 3806 autem
2721 3733 2991 3808 herodis
3030 3762 3152 3808 rex

2294 3891 2591 3958 turbatus
2639 3899 2740 3958 εει
2785 3899 2852 3959 et
2895 3894 3109 3960 omnis

2292 4043 2723 4111 hierusolima
2767 4065 2913 4111 cum
2954 4046 3068 4112 illo

2292 4204 2358 4262 ει
2402 4217 2816 4282 congregans
2861 4218 3088 4265 omnes

2291 4346 2626 4433 principes
2672 4350 3020 4418 sacerdotii

2289 4507 2356 4566 et
2399 4501 2650 4568 scribas
2696 4502 2923 4587 populi
2963 4503 3161 4570 scisci

2288 4652 2550 4720 tabatur
2594 4654 2678 4720 ab
2723 4654 2821 4721 eis
2867 4654 2976 4722 ubi
