3634 5717
296 2508 504 2572 ‘39

392 631 515 698 Fol
564 631 683 699 107
700 632 723 644 '

596 840 734 903 tate
777 839 846 902 et
888 831 955 898 in
1001 832 1241 900 uirtute
1286 832 1376 899 im

596 992 786 1072 perat
827 983 1104 1071 spiritib'
1148 983 1372 1051 inmun

421 1142 504 1207 37
593 1136 698 1205 dis
742 1143 809 1204 et
852 1144 1094 1205 exeunt
1137 1142 1204 1203 et
1247 1135 1428 1204 diunl

593 1290 875 1376 gabatm·
918 1288 1097 1358 fama
1138 1287 1222 1356 de
1266 1288 1382 1355 illo

591 1441 661 1509 in
707 1460 965 1509 omnem
1008 1441 1221 1507 locum
1265 1440 1409 1525 regi

594 1593 742 1662 onis
782 1593 1074 1678 Surgens
1118 1599 1271 1660 ante

590 1745 696 1812 ihs
740 1745 825 1813 de
864 1745 1191 1830 sinagoga
1233 1743 1407 1811 intra

589 1898 688 1965 nit
728 1897 795 1964 in
839 1856 1102 1964 donnum
1143 1897 1313 1964 simo

589 2049 693 2117 nis
737 2069 959 2118 socrus
1005 2055 1224 2117 antem
1266 2046 1327 2114 si

589 2202 801 2270 monis
844 2203 1187 2270 tenebatur
1230 2220 1387 2285 mag

589 2356 694 2423 nis
739 2354 964 2424 febrib'
1007 2360 1076 2423 et
1116 2372 1364 2439 rogaue

591 2515 742 2575 runt
784 2529 931 2576 eum
976 2528 1096 2594 pro
1140 2526 1223 2574 ea
1261 2510 1328 2573 et

588 2667 773 2727 stans
818 2678 1016 2746 snper
1059 2658 1244 2725 illam
1289 2657 1356 2722 in

588 2811 849 2898 perauit
882 2811 1049 2879 febri
1094 2817 1162 2877 et
1205 2808 1277 2876 di

587 2962 769 3031 misit
812 2983 960 3031 eam
1010 2969 1077 3030 et
1119 2960 1297 3029 eonti

586 3135 717 3183 nno
760 3134 1037 3201 surgens
1081 3113 1278 3180 minis

586 3268 806 3335 trabat
846 3265 1002 3333 illis.
1042 3286 1194 3333 cnm
1231 3266 1331 3332 sol

588 3425 807 3488 antem
849 3418 1202 3487 occidisset

585 3591 813 3638 omnes
857 3571 967 3655 qni
1011 3570 1345 3638 habebant

584 3722 877 3790 infirmos
916 3722 1119 3789 uariis
1162 3722 1275 3789 lan

583 3875 832 3960 gnorib'
876 3875 1203 3943 ducebant
1242 3874 1289 3939 il
1376 3825 1381 3830 ῃ

581 4027 683 4094 los
726 4027 815 4094 ad
859 4047 1004 4097 enm
1052 4032 1122 4094 at
1164 4025 1280 4091 ille
1321 4025 1424 4091 sin

581 4180 755 4263 gulis
800 4199 1030 4246 manus
1074 4179 1399 4263 inponens

1481 629 1839 698 Lcc45

1730 3583 1815 3646 44

2810 637 2932 703 211

1735 835 1817 902 41
1907 835 2178 904 curabat
2222 855 2334 903 eos
2383 834 2695 904 exiebant

1911 994 2133 1057 antem
2173 987 2529 1056 daemonia

1913 1159 1957 1209 a
1998 1139 2220 1206 multis
2266 1141 2625 1243 elarnantia

1914 1296 1982 1366 et
2026 1291 2318 1359 dieentia
2361 1300 2430 1359 tu
2475 1246 2546 1361 ἐς
2586 1293 2680 1358 fili

1912 1460 1988 1508 us
2033 1442 2102 1509 di
2148 1450 2215 1512 et
2258 1444 2609 1531 increpans

1911 1612 2042 1660 non
2086 1594 2394 1664 sinebant
2437 1617 2519 1665 ea
2561 1597 2741 1682 loqvi

1912 1744 2071 1829 quia
2110 1747 2410 1827 sciebant
2451 1748 2605 1835 ipsa

1733 1891 1819 1957 42
1905 1915 2054 1964 esse
2098 1911 2254 1984 xpm
2299 1901 2479 1968 faeta
2522 1909 2673 1969 aute

1909 2048 2019 2116 die
2064 2070 2369 2135 egressus
2415 2052 2556 2120 ibat
2601 2053 2668 2119 in

1909 2200 2239 2268 desertum
2283 2203 2497 2270 loenm

1908 2360 1977 2421 et
2019 2357 2250 2424 turbae
2293 2355 2712 2439 reqvirebant
2756 2369 2841 2425 en

1908 2513 1977 2574 et
2017 2514 2337 2576 uenerunt
2377 2510 2517 2592 nsq'
2561 2509 2647 2576 ad

1908 2660 2125 2746 ipsum
2170 2667 2236 2727 et
2277 2660 2664 2729 detinebant

1910 2831 2058 2879 enm
2100 2832 2186 2880 ne
2231 2812 2314 2879 ab
2359 2811 2524 2898 ipsis
2568 2812 2756 2880 disee

1906 2966 2094 3034 deret
2137 2964 2308 3049 qnib'
2353 2965 2466 3033 ille
2509 2966 2605 3033 ait
2648 2967 2708 3050 q’

1909 3126 1976 3185 et
2019 3117 2171 3184 aliis
2217 3116 2530 3186 ciuitatib'
2577 3138 2740 3202 opor

1906 3277 2002 3338 tet
2046 3290 2150 3338 me
2195 3269 2584 3356 euangeliza

1906 3442 1980 3488 re
2023 3441 2298 3508 regnum
2344 3420 2415 3487 di
2460 3420 2616 3504 quia
2655 3420 2723 3487 id

1887 3594 1983 3641 eo
2023 3572 2260 3638 missus
2305 3581 2385 3638 ssi
2430 3577 2496 3638 et
2540 3579 2681 3640 erat

1905 3724 2274 3812 praedicans
2317 3723 2386 3789 in
2432 3743 2690 3809 synago
2805 3804 2810 3811 1

1904 3878 2010 3964 gis
2055 3875 2344 3962 galileae

1698 4042 1750 4110 c
1793 4045 1838 4110 5
1904 4031 2175 4107 Factum
2220 4034 2323 4095 est
2366 4034 2582 4095 autem

1700 4128 1761 4173 Br
1784 4130 1812 4173 9

1698 4182 1740 4223 le
1766 4182 1820 4224 29

1747 4232 1800 4275 10

1747 4296 1797 4327 uo

1906 4202 2049 4246 eum
2096 4180 2325 4247 turbae
2371 4181 2554 4246 inrue

1901 4339 2048 4400 rent
2073 4334 2158 4398 ·in
2205 4342 2288 4398 en

2472 4778 2484 4790 ’
2516 4789 2609 4846 14·
