3634 5717
330 686 449 756 Fol
497 688 625 758 130

366 890 452 956 26
539 893 711 962 dixit
754 891 842 961 ad
884 891 1037 960 illos
1079 892 1138 960 si
1189 891 1336 977 quis
1375 893 1560 960 uenit

538 1045 626 1113 ad
671 1064 777 1113 me
818 1050 887 1112 et
927 1064 1062 1112 non
1103 1044 1249 1112 odit
1275 1036 1478 1129 ‘patre

537 1198 660 1264 suti
705 1202 774 1264 et
813 1202 1026 1264 matre
1067 1202 1137 1265 et
1175 1202 1381 1265 uxore
1427 1202 1494 1263 et

540 1349 712 1417 filios
756 1355 825 1418 et
864 1348 1102 1417 fratres
1146 1355 1214 1417 et
1255 1368 1404 1416 soro

536 1521 644 1570 res
688 1502 907 1570 adhue
947 1508 1100 1570 aute
1144 1508 1212 1569 et
1248 1501 1474 1570 anima

538 1666 658 1721 sna
696 1674 830 1722 non
873 1659 1095 1739 potest
1137 1673 1321 1721 meus
1367 1673 1440 1720 es

361 1808 443 1874 27
533 1827 607 1876 se
649 1807 1015 1893 discipulus
1058 1813 1127 1873 et
1169 1805 1281 1891 qni
1325 1825 1457 1872 non

536 1959 791 2028 baiulat
831 1966 1021 2027 eruee
1066 1964 1189 2026 sna
1231 1963 1299 2025 et
1338 1977 1422 2026 ue

535 2110 636 2180 nit
676 2118 829 2199 post
869 2132 976 2179 me
1013 2131 1148 2180 non
1183 2116 1409 2197 potest

535 2282 719 2332 mens
762 2283 912 2332 esse
954 2262 1317 2349 discipulus

330 2417 481 2550 10233
534 2413 696 2496 Quis
739 2427 850 2486 eni
894 2436 980 2485 ex
1021 2415 1212 2484 uobis
1253 2413 1486 2483 uolens

378 2555 432 2599 ¹⁰
532 2575 708 2636 turre
753 2568 1110 2637 aedificare
1149 2585 1281 2633 non

533 2720 715 2805 prius
760 2718 1001 2787 sedens
1043 2725 1359 2804 eonputat

530 2879 827 2957 sumptus
871 2870 983 2957 qni
1025 2890 1304 2939 neoessa

529 3025 612 3093 rii
655 3032 808 3093 sunt
849 3023 909 3092 si
946 3023 1151 3093 habet
1190 3024 1279 3093 ad
1325 3045 1448 3112 per

354 3169 438 3237 29
524 3178 812 3247 fieiendfi
854 3198 942 3245 ne
984 3183 1222 3264 postea
1264 3181 1395 3261 qua

524 3330 820 3418 posuerit
861 3329 1292 3398 fundamenti

525 3489 595 3551 et
632 3503 766 3551 non
809 3481 1100 3569 potuerit
1140 3483 1306 3568 perii

526 3654 677 3703 oere
719 3654 946 3702 omnes
990 3635 1102 3720 qni
1145 3634 1376 3703 uident

354 3797 441 3863 30
529 3786 854 3874 incipiant
894 3786 1192 3856 inludere
1237 3787 1300 3855 ei
1335 3786 1406 3854 di

528 3945 753 4008 oentes
795 3938 953 4024 quia
991 3937 1102 4007 hio
1138 3938 1336 4008 homo
1380 3960 1498 4007 eoe

522 4091 626 4177 pit
665 4090 997 4159 oedifieare

422 4866 577 4913 Codex
602 4880 781 4914 nunus.

1383 691 1477 758 Lo
1517 690 1570 758 O
1614 691 1697 758 14
1742 692 1823 758 15
2753 690 2878 758 257

1865 901 1933 963 et
1975 913 2107 961 non
2148 892 2364 978 potuit
2399 893 2717 959 eonsuma
2768 944 2779 953 .

1688 1044 1769 1114 31
1861 1067 1933 1114 re
1978 1051 2091 1117 aut
2134 1045 2280 1129 quis
2322 1063 2442 1111 rex
2485 1042 2692 1111 iturus
2737 1054 2814 1109 oo

1863 1198 2123 1265 mittere
2163 1194 2343 1263 bellfi
2382 1195 2699 1264 aduersus
2738 1194 2875 1263 alin

1860 1361 2018 1436 rege
2063 1369 2195 1418 non
2238 1347 2479 1416 sedens
2524 1347 2703 1432 prius
2749 1368 2825 1414 oo

1861 1481 2033 1589 gifat
2074 1501 2134 1568 si
2176 1507 2403 1586 posset
2452 1509 2532 1566 eu
2579 1499 2740 1566 deee
2786 1499 2877 1566 mi

1861 1655 1970 1722 lib'
2012 1673 2351 1723 ooourrere
2393 1651 2458 1719 ei
2502 1649 2614 1735 qui
2658 1671 2804 1718 oum

1862 1806 2101 1893 uiginti
2144 1804 2346 1872 milib'
2386 1802 2571 1871 uenit
2613 1803 2701 1871 ad
2744 1822 2817 1871 se

1681 1960 1798 2032 32'
1852 1958 2149 2043 alioquin
2191 1955 2409 2025 adhue
2452 1954 2570 2023 illo
2613 1954 2815 2041 longe

1857 2116 2099 2197 agente
2142 2108 2479 2194 legatione
2523 2106 2788 2175 mittens

1856 2267 2054 2348 rogat
2093 2281 2176 2330 ea
2218 2279 2362 2345 quae
2406 2259 2593 2344 paois
2637 2266 2790 2326 sunt

1685 2429 1772 2495 33
1857 2413 1971 2502 δίο
2013 2432 2173 2498 ergo
2219 2411 2430 2480 omnis
2476 2431 2562 2478 ex
2603 2410 2792 2478 nobis

1653 2514 1799 2663 ἓξὲξ
1859 2566 1971 2651 qni
2009 2586 2143 2633 non
2185 2564 2521 2633 renuntiat
2562 2562 2741 2631 omni

1857 2719 1917 2786 b'
1961 2737 2107 2804 quae
2148 2716 2446 2803 possidet
2485 2735 2618 2782 non
2664 2736 2750 2801 po

1857 2878 1988 2939 test
2029 2889 2212 2938 meus
2256 2889 2403 2937 esse
2445 2866 2808 2952 disoipnlus

1645 3031 1793 3126 161285
1852 3024 2043 3091 Boni
2087 3028 2190 3090 est
2213 3021 2331 3090 sal
2356 3020 2435 3089 -si
2476 3025 2628 3089 ante
2668 3019 2768 3087 sal

1643 3136 1717 3231 ἓξ
1736 3133 1819 3231 3¹⁰2
1852 3176 2041 3262 qnoq'
2085 3174 2430 3243 euanuerit
2470 3172 2541 3243 in
2585 3192 2713 3258 quo

1676 3339 1764 3406 34
1850 3327 2192 3397 condietur
2233 3327 2379 3412 neq’
2423 3326 2495 3393 in
2538 3331 2714 3393 terri

1847 3481 1994 3565 neq’
2036 3479 2108 3546 in
2150 3477 2571 3564 sterquilinia
2606 3477 2770 3546 utile

1849 3639 1952 3701 est
1995 3630 2119 3699 sed
2159 3629 2339 3699 foras
2383 3630 2677 3696 mittetur

1848 3784 1960 3885 qui
2004 3782 2208 3851 habet
2249 3800 2442 3849 aures
2485 3780 2800 3849 audiendi

1848 3935 2079 4006 audiat

1717 4089 1798 4219 ἐξ)
1839 4088 2049 4155 Erant
2069 4092 2221 4156 ante
2251 4085 2858 4172 adpropinquantes

1707 4226 1786 4322 ¹2⁸⁶

1683 4327 1785 4497 ἐξ
1835 4413 1943 4462 res
1986 4399 2060 4460 ut
2107 4391 2413 4461 audirent
2448 4390 2567 4457 illfi
2608 4397 2676 4458 et
2714 4409 2855 4456 mvr

1639 4088 1690 4156 O

1637 4173 1703 4272 ἐξ
1845 4240 1910 4308 ei
1952 4239 2289 4326 publieani
2330 4244 2400 4307 et
2441 4245 2715 4325 peceato

1843 4543 2192 4612 murabant

2492 4852 2557 4910 1⁷7
