3634 5717
2767 682 2926 746 m

539 872 774 934 Stichos
819 883 1067 950 constat,
1114 892 1293 947 quum
1335 875 1398 935 in
1442 874 1615 934 nullo-
1643 894 1719 936 ex
1760 883 2011 947 quatuor
2054 872 2197 949 illis,
2264 890 2418 944 quoa
2453 892 2630 944 supra
2684 890 2926 932 comme-

364 960 734 1036 moravimus,
779 960 962 1018 totius
1006 960 1141 1020 novi
1186 960 1522 1020 testamenti
1569 959 1867 1020 codicibus
1908 959 2134 1033 graecis
2176 956 2392 1018 saeculi
2422 958 2616 1031 quarti
2644 966 2709 1017 et
2736 956 2950 1030 quinti,

361 1052 618 1122 exstent,
662 1047 722 1104 in
767 1044 1062 1105 codicibus
1090 1043 1571 1106 Graeco-Latinis
1597 1044 1652 1104 D
1696 1044 1887 1104 Betae
1919 1043 2190 1105 Cantabr.
2224 1052 2285 1103 et
2315 1042 2370 1102 D
2401 1041 2754 1103 Olaromont.
2787 1041 2921 1102 Par.

362 1131 476 1189 iam
521 1130 741 1208 adesse,
787 1149 1031 1204 quorum
1073 1139 1321 1206 uterque
1364 1131 1580 1191 saeculi
1625 1132 1777 1191 sexti
1822 1141 1932 1208 est,
1992 1150 2058 1190 ac
2101 1130 2263 1202 prior
2306 1128 2603 1201 evangelia
2645 1137 2708 1188 et
2749 1128 2924 1206 Acta,

359 1216 650 1287 posterior
689 1215 966 1288 epistolas
1010 1215 1182 1276 Pauli
1225 1218 1488 1278 continet
1504 1262 1521 1292 ,
1575 1217 1832 1289 itemque
1875 1217 1936 1276 in
1980 1215 2402 1288 antiquissimis
2446 1214 2670 1274 duobus
2712 1212 2927 1286 Vulga-

359 1310 454 1360 tae
498 1301 814 1380 codicibus,
860 1301 1160 1363 Amiatino
1182 1302 1524 1363 Florentino
1554 1311 1616 1362 et
1637 1301 1937 1376 Fuldensi,
1983 1293 2228 1375 quorum
2255 1309 2502 1373 uterque
2532 1300 2686 1359 circa
2713 1318 2926 1358 annum

363 1390 482 1446 545
515 1388 768 1459 scriptus
797 1396 926 1466 est3
971 1396 1175 1459 postea
1203 1398 1398 1448 autem
1429 1388 1490 1447 in
1518 1387 1684 1449 codd.
1717 1385 1958 1448 Graecis
2003 1396 2064 1446 et
2093 1386 2322 1446 Latinis
2351 1385 2523 1459 vulgo
2554 1384 2921 1446 adhibentur.

359 1471 443 1531 Et
484 1491 830 1547 quamquam
872 1473 1000 1532 fieri
1045 1474 1278 1547 quidem
1320 1482 1538 1552 potest,
1583 1482 1652 1533 ut
1694 1493 1807 1532 non
1839 1474 2115 1533 continuo
2159 1470 2563 1531 stichometria
2603 1470 2819 1543 ubique
2862 1472 2923 1529 in

359 1557 659 1622 codicibus
717 1557 1009 1631 adoptata.
1050 1560 1150 1637 sit,
1217 1569 1280 1619 et
1320 1568 1492 1620 vetus
1536 1559 1896 1619 consuetudo
1949 1558 2244 1618 interdum
2308 1565 2661 1634 servaretur,
2725 1555 2926 1615 verisi-

357 1642 664 1704 millimum
709 1653 903 1704 tamen
947 1653 1069 1723 est,
1128 1665 1233 1717 pro
1276 1646 1469 1705 minus
1511 1644 1809 1714 commoda
1852 1645 2146 1717 scriptura
2188 1643 2464 1703 continua
2505 1662 2641 1701 mox
2683 1660 2926 1701 commo—

361 1728 493 1788 dius
536 1730 646 1790 hoc
689 1729 1099 1790 adminiculum
1143 1730 1315 1805 vulgo
1359 1730 1687 1791 adhibitum
1724 1750 1872 1792 esse.
1933 1728 2106 1802 Quod
2147 1729 2199 1789 si
2229 1749 2261 1789 e
2291 1727 2480 1788 Bobio
2523 1736 2720 1788 ortum
2748 1727 2927 1787 habet

359 1814 542 1875 codex
562 1835 795 1893 aureus,
827 1815 999 1887 paulo
1038 1824 1173 1889 post
1195 1817 1493 1877 conditum
1514 1816 1624 1876 hoc
1645 1816 2062 1877 monasterium
2098 1816 2252 1875 circa
2286 1833 2499 1874 annum
2525 1820 2646 1874 610
2669 1814 2925 1886 scriptus

359 1908 468 1962 est.
536 1899 819 1975 Sequitur
861 1920 1018 1980 ergo,
1065 1903 1345 1976 originem
1377 1903 1504 1962 eius
1540 1901 1615 1961 ad
1646 1902 1707 1962 id
1729 1911 1962 1975 tempus
1992 1899 2355 1961 referendam
2386 1919 2535 1978 esse,
2581 1897 2735 1973 qnod
2769 1899 2927 1959 inter

360 1993 684 2047 extremum
728 1986 1021 2047 saeculum
1066 1988 1334 2068 quintum
1379 1997 1443 2048 et
1485 1988 1670 2048 iniens
1715 1988 2011 2048 saeculum
2055 1987 2367 2060 septimum
2409 1986 2719 2046 interiacet
2734 1981 2806 2060 1).

532 2208 818 2286 Apparet,
895 2210 1131 2286 opinor,
1199 2210 1272 2270 ad
1339 2219 1565 2269 textum
1632 2209 2062 2282 evangeliorum
2132 2206 2603 2268 constituendum
2668 2205 2924 2265 codicem

362 2311 602 2351 aureum
646 2313 761 2353 non
804 2294 1019 2371 minus,
1064 2312 1236 2367 quam
1279 2304 1505 2355 ceteros
1550 2314 1747 2354 omnes
1790 2294 1979 2353 Italae
2023 2293 2272 2370 codices,
2315 2312 2430 2352 non
2471 2290 2618 2350 levis
2646 2290 2923 2349 momenti

361 2396 511 2454 esse,
576 2386 638 2437 et
699 2386 943 2449 propter
1007 2379 1305 2452 antiquam
1369 2379 1683 2439 dictionem
1746 2377 2168 2451 philologorum
2228 2395 2455 2451 quoque
2511 2375 2725 2435 studiis
2766 2373 2924 2434 haud

360 2481 564 2532 parum
623 2461 944 2521 adiumenti
1010 2463 1234 2523 afferre.
1323 2463 1421 2523 Ad
1478 2464 1873 2538 integritatem
1940 2462 2094 2537 quod
2137 2462 2370 2538 attinet,
2436 2469 2661 2520 ceteros
2706 2477 2923 2535 omnes,

363 2554 649 2619 quotquot
691 2548 1091 2622 innotuerunt,
1135 2547 1321 2609 Italae
1350 2549 1578 2609 codices
1622 2558 1862 2622 superat
1902 2556 2137 2621 praeter
2173 2547 2360 2607 solum
2409 2545 2664 2606 codicem
2695 2542 2925 2604 Colber-

361 2631 569 2710 tinum,
621 2633 721 2705 qui
773 2633 1070 2706 evangelia
1120 2634 1536 2707 propemodum
1599 2655 1837 2708 prorsus
1904 2635 2129 2707 integra
2192 2632 2398 2711 habet3
2454 2631 2557 2691 sed
2622 2632 2674 2690 is
2738 2628 2923 2689 multo

358 2717 650 2777 recentior
691 2727 803 2795 est,
847 2718 1077 2779 saeculo
1104 2719 1407 2780 undecimo
1438 2731 1543 2780 aut
1571 2720 1912 2780 duodecimo
1941 2720 2216 2791 scriptus.
2269 2717 2360 2777 De
2391 2716 2678 2777 affinitate
2707 2714 2922 2775 codicis

358 2802 519 2862 aurei
578 2820 709 2863 cum
759 2802 891 2863 aliis
943 2804 1239 2865 codicibus
1299 2804 1469 2865 Italis
1531 2816 1593 2865 et
1644 2805 2023 2866 translatione
2089 2804 2347 2878 Vulgata
2403 2803 2538 2863 vide
2591 2801 2920 2861 adiunctam

358 2887 743 2950 collationem.

525 3109 583 3169 N
585 3129 658 3170 on
688 3130 925 3183 possum
955 3111 1104 3171 hanc
1134 3113 1560 3184 praefationem
1581 3113 1770 3191 finire,
1817 3114 1930 3172 nisi
1968 3123 2141 3185 antea
2170 3123 2232 3173 et
2261 3110 2530 3171 facultati
2560 3108 2918 3181 theologicae

356 3195 759 3256 universitatis
795 3194 1275 3257 Christianiensis
1297 3207 1359 3258 et
1379 3197 1620 3272 collegio
1644 3198 1992 3278 academico,
2037 3194 2606 3258 administratoribus
2642 3193 2918 3254 sectionis

358 3279 718 3353 Norvegicae
762 3281 1062 3341 societatis
1092 3282 1628 3344 Letterstedtianae
1671 3284 2067 3357 gratissimum
2110 3284 2365 3343 animum
2408 3289 2661 3341 testatus
2705 3297 2803 3337 ero
2844 3277 2917 3337 ob

355 3366 641 3439 egregiam
685 3365 1145 3427 benevolentiam
1163 3413 1179 3446 ,
1233 3378 1363 3442 qua'
1403 3389 1494 3429 me
1539 3369 1614 3429 ad
1656 3370 1766 3430 hoc
1811 3389 1956 3441 opus
2000 3368 2412 3443 perficiendum
2455 3380 2519 3426 et
2561 3362 2916 3424 commenda-

355 3451 512 3511 tione
556 3471 666 3510 sua
730 3461 793 3511 et
855 3453 1148 3525 stipendio
1210 3453 1579 3532 adiuverunt,
1624 3465 1694 3515 ut
1746 3465 1839 3515 ter
1882 3455 2179 3516 Holmiam
2220 3453 2617 3525 proficiscerer
2658 3448 2915 3510 codicem

353 3537 759 3609 perscrutandi
833 3557 1024 3599 causa.
1137 3537 1418 3599 Societati
1482 3558 1710 3614 quoque
1776 3541 2153 3600 scientiarum
2218 3536 2667 3600 Christianiensi
2684 3581 2700 3614 ,
2768 3553 2918 3607 quae

353 3631 581 3694 partem
618 3631 952 3694 sumptuum
991 3623 1064 3682 ad
1099 3624 1414 3684 editionem
1439 3626 1817 3698 evulgandam
1841 3625 2258 3703 suppeditavit,
2290 3645 2404 3683 non
2426 3623 2678 3682 minores
2699 3620 2917 3693 gratias

353 3727 475 3780 ago.
552 3706 759 3781 Neque
787 3709 980 3768 minus
1010 3710 1298 3781 impensas
1326 3711 1546 3783 gratias
1582 3712 1655 3770 iis
1684 3711 1829 3769 viris
1860 3732 1985 3788 ago,
2017 3729 2262 3784 quorum
2291 3719 2353 3769 et
2394 3708 2635 3768 consilio
2666 3717 2729 3766 et
2754 3725 2916 3778 prae-

354 3793 497 3852 stita
556 3812 734 3865 opera
788 3814 929 3854 usus
987 3814 1145 3870 sum,
1203 3796 1471 3868 inprimis
1527 3796 1955 3867 professoribus
2011 3793 2601 3872 Christianiensibus,
2654 3791 2915 3870 Caepari,

355 3876 419 3940 O.
452 3877 536 3937 M.
570 3878 819 3956 Aubert,
850 3879 1071 3959 Unger,
1115 3880 1164 3940 1?
1171 3929 1182 3943 .
1215 3880 1310 3942 W.
1343 3880 1564 3955 Bugge,
1609 3883 1927 3954 professori
1967 3881 2290 3944 Havniensi
2321 3878 2572 3952 Georgio
2603 3877 2912 3950 Stephens.

351 3962 632 4037 Virisque
656 3964 1115 4045 Holmiensibus,
1160 3986 1383 4027 summo
1427 3966 1815 4028 bibliothecae
1852 3970 2147 4039 praefecto
2177 3966 2530 4043 Klemming,
2576 3963 2914 4025 custodibus

355 4057 419 4108 et
459 4050 903 4111 amanuensibus
948 4051 1021 4112 ob
1065 4053 1407 4124 praestitam
1450 4053 1594 4112 mihi
1638 4052 2101 4114 benevolentiam
2128 4054 2348 4126 gratias
2390 4051 2670 4111 maximas
2714 4069 2820 4124 ago
2838 4045 2909 4125 ²).

457 4265 487 4319 ¹)
513 4266 638 4312 Huic
654 4268 828 4314 rationi
846 4282 938 4314 non
956 4269 1111 4315 obstat
1128 4275 1332 4321 tonsura.
1352 4284 1472 4323 quae
1488 4272 1537 4317 in
1555 4272 1841 4324 imaginibus
1857 4275 2253 4325 evangelistarum
2271 4270 2503 4317 Matthaei
2517 4271 2642 4325 (vide
2659 4270 2777 4317 Tab.
2796 4266 2911 4320 111).

242 4365 249 4370 -
350 4340 401 4381 et
422 4335 617 4381 Ioannis
641 4335 896 4383 adhibitita
921 4342 1005 4383 est.
1058 4337 1204 4390 Haec.
1232 4351 1517 4391 quamquam
1543 4340 1592 4385 in
1619 4341 1817 4386 coneilio
1836 4341 2208 4394 Carthaginiensi
2233 4354 2357 4386 anno
2382 4342 2460 4386 3oe
2485 4342 2649 4392 vetita.
2676 4351 2707 4384 a
2732 4337 2914 4384 clericis

350 4407 510 4449 tamen
533 4402 861 4457 adhibebatur.
888 4418 946 4451 ao
971 4412 1102 4452 sexto
1127 4406 1317 4453 tandem
1343 4409 1530 4452 saeculo
1555 4419 1586 4452 a
1604 4408 1733 4462 Papa
1751 4409 1982 4461 imperata
1997 4410 2134 4455 estin
2152 4408 2300 4456 Italia
2324 4414 2372 4455 et
2396 4410 2445 4455 in
2472 4408 2670 4455 concilio
2689 4406 2914 4452 Toletano

350 4485 474 4519 anno
502 4473 582 4517 633
606 4471 901 4526 (Nendeoker
924 4474 972 4519 in
1000 4473 1205 4527 Hei-zoes
1234 4473 1796 4528 »Roel-Bnoyolopadieo.

450 4539 487 4593 ¹)
512 4539 669 4591 Digna
692 4554 875 4594 qnoque
901 4544 1111 4589 maxima
1135 4543 1276 4589 laude
1300 4548 1372 4589 est
1397 4544 1629 4590 industria
1653 4558 1828 4597 eorum.
1869 4546 1948 4599 qui
1975 4546 2287 4592 bibliothecae
2311 4547 2467 4599 regiae
2498 4542 2758 4591 Holmiensi
2785 4553 2913 4593 orae-

348 4613 479 4659 snnt.
521 4621 636 4661 qua.
678 4622 962 4662 quamquam
995 4617 1194 4657 exeunte
1219 4624 1344 4657 anno
1377 4611 1479 4657 1877
1516 4612 1804 4660 bibliotheca
1829 4618 1932 4659 tota
1956 4614 2066 4660 circ.
2092 4614 2264 4667 mmo
2287 4615 2512 4662 librorum
2537 4626 2564 4657 e
2600 4611 2751 4663 uriom
2776 4608 2914 4653 d⁰¹²¹0

348 4677 488 4722 aulae
524 4677 681 4728 retiae
718 4677 769 4721 in
806 4677 948 4724 aedes
981 4692 1129 4724 novas
1167 4680 1533 4735 magnificasque
1569 4684 1889 4735 transportata
1927 4687 2020 4736 est,
2068 4686 2145 4730 vel
2181 4684 2269 4729 hoc
2307 4688 2514 4738 tempore
2547 4680 2665 4727 mihi
2699 4679 2911 4732 tliiflque.

351 4743 521 4798 quibus
545 4743 835 4792 bibliotheca
861 4745 931 4791 uti
957 4757 1071 4798 opus
1092 4751 1213 4801 erat.
1239 4748 1423 4796 nullum
1449 4749 1623 4797 laboris
1648 4749 2035 4805 impedimentum
2060 4756 2174 4799 erat.
2911 4784 2921 4794 ·
