3634 5717
743 633 870 698 248

783 1752 866 1817 25

779 2361 865 2425 26

783 2972 865 3036 27

784 4051 869 4117 28

954 839 1185 905 eorbos
1232 839 1386 922 quia
1432 859 1558 906 non
1607 859 1678 906 se
1807 916 1816 921 ,

952 994 1206 1060 minant
1250 994 1394 1076 neq'
1438 999 1691 1060 metunt

956 1147 1126 1231 quib'
1171 1167 1299 1212 non
1349 1152 1450 1212 est
1493 1146 1764 1212 cellarii(

952 1321 1164 1383 neque
1209 1300 1448 1367 horren
1494 1305 1561 1366 et
1605 1299 1684 1365 de
1729 1319 1850 1383 pas

955 1454 1046 1520 eit
1090 1454 1240 1519 illos
1286 1459 1530 1536 quanto
1576 1473 1683 1518 ma

952 1607 1058 1691 gis
1106 1625 1223 1671 uos
1271 1605 1489 1689 plures
1535 1605 1694 1671 estis

956 1759 1090 1826 illis
1135 1758 1280 1843 quis
1327 1763 1544 1823 autem
1588 1777 1704 1823 nes

954 1914 1059 1978 trfi
1105 1910 1459 1996 cogitando
1508 1931 1590 1995 po

952 2071 1080 2131 test
1123 2063 1387 2131 adicere
1428 2063 1514 2129 ad
1558 2071 1664 2130 sta

956 2225 1101 2283 turn
1145 2228 1264 2283 sun
1309 2190 1530 2283 eubitfi

951 2380 1086 2437 nnn
1130 2370 1186 2435 si
1234 2390 1392 2455 ergo
1432 2372 1577 2453 neq'

956 2523 1126 2607 quod
1174 2523 1450 2589 minimfi
1496 2532 1596 2590 est

956 2676 1232 2759 potestis
1278 2676 1435 2760 qnid
1480 2676 1564 2742 de
1610 2697 1684 2742 ee

955 2830 1113 2896 teris
1158 2829 1424 2895 solliciti
1473 2829 1629 2895 estis

958 2982 1371 3048 considerate
1415 2981 1561 3047 lilia

956 3134 1280 3218 quomodo
1327 3141 1625 3201 creseunt

954 3307 1084 3352 non
1131 3286 1434 3353 laborant
1480 3308 1605 3352 non

954 3447 1155 3505 neunt
1201 3439 1347 3505 dieo
1393 3440 1453 3505 h'
1495 3440 1683 3506 uobis

955 3591 1109 3676 qnia
1153 3613 1275 3660 nee
1319 3595 1615 3660 salomon

955 3744 1022 3809 in
1070 3747 1248 3812 omni
1293 3748 1509 3831 gloria
1547 3768 1668 3813 sna

957 3897 1355 3963 uestiebatur
1399 3898 1567 3964 sicut

956 4051 1088 4113 nmi
1136 4070 1219 4115 ex
1264 4050 1409 4116 istis
1455 4052 1512 4116 si
1559 4060 1709 4116 ante

958 4201 1153 4265 faenfi
1203 4201 1374 4283 quod
1419 4202 1615 4270 hodie

957 4352 1020 4417 in
1066 4373 1226 4436 agro
1273 4362 1374 4419 est
1418 4362 1483 4421 et
1526 4377 1670 4422 eras
1719 4356 1783 4421 in

1861 637 2048 704 Leo
2097 637 2175 703 12

2271 840 2536 906 elibanfi
2586 837 2863 904 mittitur

2269 991 2349 1057 de
2396 992 2493 1058 sie
2534 990 2735 1058 uestit
2778 1010 2951 1074 quan

2270 1152 2337 1210 to
2383 1145 2598 1229 magis
2642 1165 2757 1211 nos
2806 1145 3012 1229 pussil

2101 1299 2184 1362 29
2274 1302 2354 1365 1ae
2396 1298 2549 1364 fidei
2596 1304 2664 1362 et
2709 1317 2825 1363 uos
2871 1298 3005 1363 noli

2267 1459 2332 1517 te
2379 1472 2669 1535 quaeoere
2714 1451 2871 1535 quid
2918 1472 3068 1518 man

2266 1604 2520 1671 ducetis
2567 1611 2680 1670 ant
2724 1604 2882 1689 quid
2927 1605 2990 1670 bi

2269 1758 2441 1824 batis
2485 1767 2551 1823 et
2594 1758 2800 1824 nolite
2846 1758 2913 1824 in

2095 1909 2182 1974 30
2266 1911 2545 1977 sublime
2591 1911 2733 1976 tolli
2779 1911 2921 1977 haee

2266 2076 2374 2130 eni
2420 2063 2644 2130 omnia
2687 2071 2919 2149 gentes

2263 2217 2456 2283 huius
2499 2212 2726 2283 mundi
2771 2226 3067 2300 quaerunt

2266 2377 2454 2455 pater
2496 2370 2558 2435 h’
2600 2376 2819 2437 uester
2861 2370 2986 2436 seit

2095 2518 2166 2580 31
2269 2536 2395 2607 qne
2439 2523 2542 2590 his
2589 2523 2905 2607 indigetis
2943 2544 3027 2590 ue

2269 2678 2344 2741 τῆ
2392 2685 2611 2743 tamen
2651 2677 2922 2760 qnaerite

2271 2832 2481 2915 regnfi
2521 2830 2591 2897 di
2637 2837 2704 2896 et
2747 2831 2889 2897 haee
2932 2851 3036 2896 om

2269 2983 2385 3049 nia
2428 2982 2797 3051 adicientur
2837 3003 2922 3050 uo

2096 3132 2179 3197 32
2267 3137 2367 3203 bis
2412 3138 2635 3203 Nolite
2679 3138 2912 3204 timere

2064 3218 2126 3260 Βι-
2150 3216 2199 3260 41

2061 3269 2205 3361 ¹⁰1b⁵¹
2268 3290 2544 3374 pusillus
2588 3311 2752 3375 grex
2795 3290 2952 3374 quia

2269 3444 2643 3529 eonplaeuit
2687 3444 2861 3529 patri

2265 3604 2485 3663 uestro
2529 3598 2687 3665 dare
2734 3598 2920 3664 uobis

2095 3744 2178 3810 33
2267 3750 2497 3832 regnfi.
2544 3749 2828 3817 Uendite

2064 3833 2107 3874 lo
2134 3830 2210 3873 152

2064 3882 2245 3976 mt²19s
2269 3920 2412 3982 quae
2458 3899 2813 3984 possidetis
2856 3912 2922 3968 et

2064 3996 2135 4026 mr
2160 3984 2235 4027 108

2269 4054 2421 4121 date
2467 4055 2873 4139 elemoysinn

2062 4206 2105 4247 ¹0
2133 4206 2209 4295 3553
2271 4206 2495 4273 Facite
2539 4206 2726 4272 uobis
2771 4227 2962 4273 sacen

2062 4311 2129 4350 m
2155 4308 2203 4349 48
2265 4359 2365 4423 los
2411 4359 2521 4441 qui
2566 4379 2698 4424 non
2745 4367 2998 4426 ueteres

2267 4520 2417 4575 eunt
2466 4512 2773 4576 thesauri]
