3634 5717
2517 639 2528 648 ἱ
2641 690 2931 751 mm

374 882 581 941 autem
623 889 805 940 contr.
854 897 900 938 e.
950 880 1038 940 ef
1048 876 1067 912 ¹
1092 900 1174 960 73
1219 900 1311 952 vg.
1357 879 1557 952 verbo,
1600 899 1723 940 aur.
1770 878 1955 942 uerbo
1998 878 2114 944 hoc
2155 884 2215 943 et
2255 898 2305 939 ο.
2350 879 2558 939 abed
2583 879 2617 937 f
2629 873 2791 959 f²y3
2835 902 2926 953 vg.

373 983 656 1041 moerens,
700 984 823 1026 aur.
872 962 1074 1027 tristis
1117 985 1166 1025 e.
1215 965 1309 1024 ab
1334 964 1422 1022 cd
1447 965 1480 1023 f
1494 961 1555 1022 f¹
1583 965 1618 1023 k
1644 986 1709 1044 y.
1746 998 1830 1008 —
1861 965 1918 1023 V
1958 971 2035 1024 24
2082 987 2172 1038 vg.
2219 963 2402 1038 filioli,
2447 984 2570 1024 aur.
2622 965 2844 1038 (omit.)
2877 982 2926 1027 e.

374 1067 506 1129 ey:
575 1069 665 1121 vg.
714 1050 774 1108 in
818 1069 1058 1122 regnum
1101 1050 1216 1124 dei,
1264 1069 1387 1108 aur.
1438 1051 1577 1120 (om.
1627 1053 1735 1122 in).
1805 1083 1888 1093 ——-
1956 1050 2011 1109 V
2060 1057 2138 1110 26
2183 1071 2273 1122 vg.
2321 1049 2581 1108 dieentes
2627 1049 2702 1107 ad
2744 1061 2932 1110 semet

374 1134 551 1208 ipsos,
619 1155 740 1195 aur.
810 1133 980 1196 inter
1020 1151 1086 1196 se
1130 1135 1392 1193 dieentes
1437 1151 1484 1196 c.
1534 1154 1605 1192 a(
1643 1156 1709 1215 γ.
1778 1170 1858 1176 —-
1925 1135 1982 1193 V
2029 1139 2106 1194 27
2153 1156 2243 1207 vg.
2291 1133 2646 1205 impossibile
2691 1145 2784 1193 est
2826 1136 2931 1194 sed

374 1239 487 1278 non
530 1219 686 1290 apud
729 1219 920 1295 deum,
967 1239 1090 1278 aur.
1141 1220 1330 1289 (omit.
1378 1219 1480 1277 sed
1526 1229 1667 1289 non)
1715 1239 1762 1281 e.
1811 1220 2095 1295 abcdf,
2162 1240 2253 1292 vg.
2301 1220 2485 1294 enim,
2547 1239 2670 1280 aur.
2720 1222 2930 1281 autem

373 1324 418 1364 e.
469 1303 674 1363 abes
684 1325 750 1385 γ.
801 1338 881 1347 --
931 1311 1007 1363 29
1051 1324 1140 1376 vg.
1190 1305 1421 1362 domum
1467 1316 1569 1362 aut
1611 1304 1847 1377 fratr-ee,
1893 1325 2015 1363 aur.
2064 1305 2296 1364 domum
2338 1301 2434 1366 vel
2477 1304 2548 1364 fr.
2595 1322 2644 1365 c.
2693 1322 2811 1385 ογ.
2846 1313 2940 1349 -“

373 1387 428 1446 V
477 1393 554 1448 30
600 1410 689 1461 vg.
738 1399 973 1462 matres,
1041 1410 1165 1449 aur.
1222 1389 1485 1450 matrem
1530 1407 1577 1449 o.
1625 1385 1971 1450 abdff11.
2041 1423 2124 1432 -—
2200 1390 2256 1447 V
2306 1396 2383 1448 32
2428 1409 2519 1461 vg.
2566 1389 2627 1447 in
2673 1389 2928 1466 Hieros.,

372 1493 494 1533 aur.
542 1473 711 1534 Hier.
761 1492 807 1534 ο.
857 1472 948 1532 ab
974 1473 1088 1550 di3
1155 1494 1242 1546 vg.
1291 1484 1352 1533 et
1396 1473 1623 1545 stupeb.
1694 1485 1755 1532 et
1797 1492 1915 1547 seq.
1967 1473 2195 1551 timeb.,
2265 1494 2387 1534 aur.
2435 1483 2496 1532 et
2539 1474 2772 1545 stupeb.
2818 1474 2931 1554 qui

370 1556 792 1637 sequebantur
833 1577 971 1620 eum
1015 1577 1061 1620 e.
1111 1576 1142 1616 c
1188 1560 1456 1632 (partim)
1502 1579 1576 1637 y:
1647 1579 1738 1630 vg.
1784 1571 2087 1635 eventura,
2154 1580 2277 1620 aur.
2322 1561 2590 1621 ventura
2631 1577 2679 1621 c.
2725 1558 2820 1620 be
2845 1561 2937 1618 df

372 1663 418 1721 γ
466 1643 639 1701 Mart.
688 1643 826 1703 Tur.
876 1677 957 1687 —
1001 1643 1058 1702 V
1093 1650 1167 1702 33
1214 1663 1305 1715 vg.
1353 1643 1578 1716 scribis,
1624 1663 1745 1704 aur.
1794 1644 2002 1703 scribis
2047 1659 2107 1703 et
2148 1641 2507 1706 seniom‘bus
2550 1661 2599 1701 c.
2648 1645 2716 1702 cl
2743 1665 2808 1723 γ.
2846 1677 2925 1688 -

371 1727 427 1784 V
477 1733 553 1787 34
599 1749 689 1800 vg.
759 1749 890 1787 eum
956 1739 1016 1787 et
1082 1729 1433 1788 interficient
1496 1748 1661 1805 eum,
1722 1748 1845 1787 aur.
1892 1733 1952 1791 et
1993 1727 2271 1792 occident
2311 1747 2450 1790 eum
2494 1747 2541 1789 o.
2591 1726 2700 1787 cf¹
2727 1750 2793 1808 γ.
2841 1763 2923 1773 -

380 1812 427 1870 V
479 1820 553 1872 35
601 1833 691 1886 vg.
739 1814 1052 1882 accedunt,
1120 1833 1241 1874 aur.
1291 1817 1684 1876 accesserunt
1725 1831 1772 1875 e.
1823 1810 2314 1893 abedff1i72
2380 1833 2470 1886 vg.
2519 1814 2730 1888 faciae,
2798 1833 2922 1876 aur.

358 1901 611 1975 prestes
653 1917 700 1958 o.
746 1894 1063 1977 bdf¹iy.
1112 1932 1195 1941 —
1240 1898 1298 1956 V
1348 1902 1422 1957 37
1470 1918 1557 1969 vg.
1608 1909 1669 1957 et
1713 1899 1855 1970 dix„
1915 1919 2036 1958 aur.
2084 1895 2186 1961 illi
2225 1891 2436 1960 aut'em
2479 1898 2595 1959 dix.
2644 1919 2693 1959 e.
2742 1900 2923 1981 cfr,

369 2002 444 2053 vg
507 1982 581 2041 ad
626 1983 813 2042 dextr.
862 1983 937 2042 ad
980 1984 1225 2060 sinistr.,
1271 2004 1392 2044 aur.
1443 2001 1487 2045 a
1530 1983 1719 2043 dextr.
1767 2004 1803 2042 a
1846 1985 2063 2043 sinistr.
2115 2002 2162 2044 o.
2212 1984 2279 2054 k3
2331 2003 2421 2054 vg.
2470 1984 2531 2041 in
2573 1983 2759 2055 gloria
2802 1995 2923 2062 tua,

369 2088 492 2127 aur.
540 2069 599 2126 in
639 2066 913 2148 ylom'am
955 2072 1129 2130 tuam
1173 2089 1222 2129 e.
1268 2067 1305 2127 b
1330 2068 1401 2126 el
1451 2068 1622 2127 Mart.
1672 2069 1811 2128 Tur.
1847 2101 1926 2110 —
1960 2068 2017 2126 V
2050 2075 2126 2126 38
2173 2089 2265 2139 vg.
2311 2087 2417 2138 ego
2460 2067 2615 2135 bibo,
2662 2089 2785 2130 aur.
2820 2089 2923 2142 ego

370 2149 686 2214 bibiturus
726 2171 867 2214 sum
911 2173 959 2214 e.
1007 2173 1040 2211 a
1064 2152 1215 2211 bed
1261 2154 1607 2225 (viviturus)
1655 2172 1730 2231 73
1775 2173 1865 2223 vg.
1912 2154 2180 2223 baptizor
2220 2153 2524 2222 baptizari,
2568 2171 2693 2214 aur.
2739 2153 2926 2225 bapti-

370 2237 489 2294 zari
532 2234 730 2298 habeo
777 2255 825 2294 o.
873 2255 990 2316 cy,
1063 2269 1141 2279 —
1210 2237 1266 2294 V
1315 2242 1394 2294 42
1440 2257 1532 2307 vg.
1580 2236 1695 2296 Ies„
1744 2248 1939 2294 autem
1981 2254 2216 2313 vocans,
2261 2257 2384 2297 aur.
2431 2254 2587 2316 quos
2629 2254 2770 2300 cum
2813 2238 2924 2300 ad·

370 2324 652 2382 vocasset
692 2320 807 2381 [ee.
857 2339 904 2379 c.
955 2318 1337 2401 bcdf¹iyz
1382 2341 1473 2392 vg.
1524 2320 1894 2379 dominantur
1939 2321 2043 2394 eis,
2088 2341 2210 2381 aur.
2247 2320 2396 2379 dom.
2429 2339 2639 2382 eorum
2682 2340 2729 2382 c,
2779 2322 2926 2381 abo

373 2401 625 2476 df¹g²i
656 2406 767 2485 ky
832 2439 914 2446 —
965 2403 1022 2462 V
1070 2410 1147 2463 43
1194 2424 1285 2476 vg.
1334 2415 1426 2462 est
1469 2418 1661 2463 autem
1709 2405 1767 2461 in
1811 2404 1964 2479 vob.,
2020 2425 2141 2464 aur.
2192 2405 2382 2476 (omit.
2432 2409 2583 2477 aut.)
2629 2425 2661 2464 e
2727 2405 2937 2465 abdf

377 2488 410 2546 f
418 2485 439 2520 ¹
465 2489 520 2564 i,
565 2509 655 2560 vg.
701 2490 826 2546 fieri
872 2489 1075 2564 maior,
1120 2509 1243 2549 aur.
1292 2506 1427 2550 esse
1470 2489 1654 2547 maior
1699 2508 1744 2548 c.
1794 2485 2129 2548 abcdffl
2155 2490 2174 2547 i
2201 2509 2250 2569 γ
2283 2489 2525 2548 Hieron.
2561 2490 2657 2560 (δε
2705 2490 2925 2561 primus

373 2576 553 2645 esse).
601 2605 681 2616 —-
727 2573 786 2631 V
832 2579 908 2632 46
955 2593 1045 2644 vg.
1092 2574 1337 2632 veniunt
1383 2573 1684 2646 HierichO,
1730 2594 1855 2632 aur.
1899 2593 2029 2634 ven.
2075 2573 2148 2636 in
2183 2573 2346 2632 Hier.
2395 2591 2442 2634 c.
2491 2571 2710 2632 aeff¹
2736 2575 2787 2650 13
2832 2595 2922 2647 vg.

372 2668 434 2716 et
477 2657 814 2729 proficiente
860 2678 929 2716 eo
975 2657 1046 2715 de
1093 2658 1258 2717 Hier.
1309 2669 1370 2716 et
1414 2657 1714 2728 discipulis
1769 2659 1895 2717 eius
1949 2670 2009 2716 et
2062 2658 2310 2730 plurima
2353 2659 2728 2718 multitudine
2771 2660 2924 2719 filius

371 2741 557 2800 Timei
588 2742 1000 2801 Barthimaeus
1046 2761 1269 2805 caecus,
1317 2764 1438 2804 aur.
1486 2746 1544 2804 et
1559 2740 1813 2823 sactum
1844 2746 1937 2804 est
1961 2760 2104 2808 oum
2134 2742 2368 2824 eyressi
2396 2747 2604 2806 essent
2630 2742 2712 2806 ab
2734 2741 2917 2806 Hier.

367 2845 505 2888 cum
545 2825 745 2889 multa
786 2825 973 2889 turba
1016 2845 1146 2890 ecee
1188 2826 1451 2905 quidam
1494 2844 1715 2889 caecus
1741 2826 1931 2909 filius
1975 2825 2223 2889 Timaei
2264 2824 2681 2891 Bartimaeus
2721 2846 2769 2888 c.
2818 2846 2850 2887 e
2869 2850 2920 2910 γ

369 2915 625 2983 (paene).
672 2945 755 2954 —
800 2911 854 2970 V
903 2915 980 2970 47
1028 2932 1118 2984 vg.
1166 2913 1246 2970 fili
1294 2912 1465 2971 david
1510 2912 1666 2985 Iesu,
1712 2933 1836 2973 aur.
1887 2914 2076 2986 (omit.
2124 2912 2270 2980 Ies.)
2318 2931 2366 2974 e.
2415 2914 2586 2995 iky.
2618 2948 2702 2957 —
2749 2913 2806 2972 V
2838 2920 2915 2974 49

366 3017 456 3068 vg.
503 2998 821 3070 praecepit,
865 3016 988 3058 aur.
1034 2995 1227 3060 iussit
1269 3017 1315 3057 c.
1365 3018 1399 3055 a
1421 2997 1457 3056 b
1481 2998 1566 3055 ef
1584 2994 1645 3055 f¹
1668 2994 1729 3068 g¹
1759 3009 1898 3076 (y),
1943 3018 2033 3069 vg.
2067 3008 2129 3056 et
2157 3009 2368 3056 vocant
2396 3016 2629 3057 caecum
2660 3000 2920 3059 dicentes

368 3082 443 3152 ei,
487 3102 611 3143 aur.
657 3085 716 3144 et
756 3080 975 3145 dieunt
1015 3099 1199 3144 caeco
1243 3101 1293 3142 e.
1339 3082 1432 3141 ab
1479 3083 1604 3156 (qui
1652 3081 1794 3154 dio.)
1841 3084 1879 3144 i.
1942 3115 2026 3126 -
2093 3082 2150 3140 V
2200 3089 2272 3142 51
2345 3104 2435 3155 vg.
2498 3094 2560 3141 et
2603 3104 2752 3156 resp.
2801 3084 2916 3146 Ies.

368 3165 486 3227 dix.
534 3166 617 3226 illi
665 3166 805 3240 quid
848 3167 937 3225 vis
982 3166 1090 3226 tibi
1137 3167 1365 3240 faciam,
1410 3188 1532 3228 aur.
1581 3165 1683 3228 eui
1725 3165 1855 3228 dix.
1885 3164 2008 3229 Ies.
2041 3168 2180 3240 quid
2225 3169 2334 3242 vis,
2377 3171 2450 3230 ut
2489 3168 2694 3227 faciam
2727 3168 2834 3228 tibi
2869 3186 2917 3230 e.

369 3269 470 3330 cy
516 3252 758 3322 (partim
800 3251 886 3324 1)).
936 3285 1017 3293 -
1062 3251 1119 3309 V
1167 3259 1244 3310 52
1289 3271 1379 3324 vg.
1430 3253 1515 3310 ait
1558 3251 1662 3323 illi,
1709 3272 1832 3313 aur.
1880 3250 2049 3313 dixit
2089 3251 2148 3313 ei
2191 3268 2239 3309 e.
2287 3256 2466 3333 ⁰0²)-

541 3334 587 3395 Ο
638 3343 734 3413 ll,
788 3342 813 3394 l
864 3356 955 3408 vg.
1002 3337 1208 3406 mittit,
1253 3357 1375 3397 aur.
1422 3335 1598 3399 misit
1639 3353 1686 3396 e.
1735 3335 1946 3396 abcf.
1981 3369 2063 3379 —
2094 3336 2152 3394 V
2185 3344 2221 3395 2
2267 3358 2355 3410 vg.
2407 3338 2572 3415 illud,
2617 3358 2739 3398 aur.
2772 3336 2922 3402 illuc

370 3437 420 3478 c.
467 3420 523 3493 13
568 3440 659 3493 vg.
706 3421 947 3492 pullum,
1009 3441 1130 3481 aur.
1178 3422 1399 3492 pullum
1446 3420 1674 3483 asinae
1718 3440 1765 3481 e.
1814 3418 2119 3500 abcg²y
2189 3454 2269 3464 —
2314 3422 2371 3480 V
2420 3429 2451 3480 3
2500 3442 2588 3494 vg.
2640 3422 2918 3498 dimittet,

369 3525 491 3564 aur.
539 3504 803 3567 dimittit
843 3527 891 3566 e.
939 3505 1038 3565 bl.
1109 3539 1188 3548 —
1255 3505 1310 3563 V
1362 3514 1394 3563 5
1442 3526 1532 3577 vg.
1583 3506 1871 3582 dicebant,
1915 3526 2037 3565 aur.
2085 3504 2383 3569 aixerunt
2431 3527 2479 3568 e.
2528 3508 2916 3587 abcdfiy.

369 3624 453 3633 —
499 3589 557 3647 V
605 3598 637 3648 6
685 3611 776 3663 vg.
824 3601 885 3649 et
930 3590 1295 3657 dimiserunt..
1362 3611 1484 3652 aur.
1532 3600 1594 3650 et
1626 3588 2060 3668 permiserunt
2101 3608 2149 3652 e.
2197 3586 2436 3650 abdf¹
2464 3594 2569 3672 iy.
2628 3625 2711 3635 —-
2780 3593 2832 3651 V
2883 3599 2913 3652 ‘7

368 3695 457 3748 vg.
505 3674 816 3752 duxerunt,
863 3695 985 3736 aur.
1033 3673 1435 3737 adduxerunt
1475 3696 1523 3736 e.
1572 3675 1806 3754 cdfy:
1878 3695 1967 3747 vg.
2017 3675 2320 3751 inponunt,
2374 3693 2496 3737 aur.
2543 3676 2920 3756 inponentes

369 3779 418 3821 e.
466 3781 532 3840 γ.
577 3793 660 3804 -
707 3760 764 3819 V
811 3765 844 3818 8
891 3781 981 3832 vg.
1029 3769 1159 3820 vest
1223 3780 1329 3818 sua
1371 3769 1726 3828 straverunt,
1772 3780 1893 3818 aur.
1941 3770 2087 3821 vest.
2121 3779 2227 3819 sua
2270 3759 2635 3823 sternebant
2675 3780 2721 3822 c,
2772 3762 2864 3822 ab
2888 3781 2920 3823 e

370 3843 638 3920 df²ik3
683 3865 773 3917 vg.
820 3845 919 3904 alii
965 3856 1180 3917 autem,
1226 3865 1348 3906 aur.
1397 3844 1499 3903 alii
1539 3863 1682 3907 vero
1727 3862 1774 3904 e.
1824 3862 1876 3902 e.
1917 3878 1988 3886 ——
2016 3844 2073 3902 V
2115 3851 2180 3902 11
2217 3864 2308 3918 vg.
2356 3858 2416 3904 et
2459 3847 2745 3923 introivit,
2790 3868 2915 3908 aur.

370 3941 432 3989 et
476 3946 614 3992 cum
656 3929 984 3993 introisset
1024 3949 1072 3989 o.
1121 3930 1214 3989 ab
1237 3948 1267 3988 c
1291 3930 1328 3988 d
1352 3930 1386 3988 f
1398 3931 1432 3988 f
1436 3925 1456 3962 ¹
1483 3931 1503 3989 i
1526 3949 1603 4010 y;
1671 3949 1760 4000 vg.
1808 3949 1939 3988 eum
2004 3929 2327 4009 duodecim,
2393 3951 2515 3992 aur.
2584 3950 2723 3994 cum
2768 3929 2931 3996 XII

369 4013 702 4093 discipulis
741 4014 880 4078 suis
922 4035 969 4077 c.
1020 4012 1361 4074 abcdff¹
1384 4010 1519 4094 3²7
1602 4047 1681 4057 --
1752 4015 1804 4073 V
1859 4022 1929 4073 13
1977 4035 2067 4086 vg.
2113 4016 2294 4092 venit,
2340 4036 2459 4076 aur.
2509 4018 2671 4076 venit
2711 4016 2919 4080 videre

370 4118 419 4161 c.
464 4095 913 4172 bedf¹g²ik.
962 4133 1046 4144 —
1091 4100 1148 4158 V
1200 4106 1274 4158 14
1322 4120 1410 4172 vg.
1459 4112 1519 4159 et
1563 4101 1917 4171 respondens
1963 4099 2131 4179 dixit,
2199 4121 2322 4162 aur.
2369 4099 2483 4179 qui
2524 4100 2689 4163 dixit
2728 4123 2778 4164 e.
2825 4102 2919 4162 ab

370 4186 389 4242 i
413 4205 478 4265 γ.
526 4218 608 4228 -
654 4184 712 4242 V
763 4191 834 4244 15
881 4205 972 4257 vg.
1020 4196 1082 4244 et
1124 4186 1367 4243 veniunt
1409 4184 1895 4258 Hierosolymam,
1942 4205 2064 4246 aur.
2112 4195 2175 4245 et
2214 4185 2386 4248 venit
2423 4186 2648 4249 iterum
2685 4184 2922 4250 Hieru-

367 4268 612 4349 solyma
666 4288 713 4330 e.
761 4269 842 4328 bi
866 4290 943 4350 γε)
1010 4290 1100 4342 vg.
1171 4271 1362 4341 eoepit
1426 4271 1635 4328 eiicere
1702 4271 2017 4328 vendentes
2074 4283 2136 4330 et
2192 4283 2451 4331 ementes
2494 4273 2552 4330 in
2599 4273 2815 4344 templo
2859 4283 2922 4330 et

369 4374 597 4413 mensas
666 4355 1177 4414 nummulariorum
1242 4365 1304 4413 et
1355 4355 1658 4413 cathedras
1704 4356 2076 4414 vendentium
2135 4355 2427 4415 columbas
2491 4358 2726 4434 evertit,
2792 4377 2916 4416 aur.

369 4437 570 4517 coepit
610 4442 669 4500 et
708 4458 964 4502 mensas
1006 4437 1329 4502 nummull.
1399 4439 1590 4502 eicere
1653 4439 1989 4503 vendentes
2053 4445 2112 4502 et
2166 4439 2433 4503 ementes
2473 4440 2547 4503 in
2592 4440 2815 4519 templo
2860 4449 2921 4497 et

369 4524 675 4583 cathedras
719 4525 1092 4584 vendentium
1138 4524 1428 4584 columbas
1473 4526 1704 4585 evertit.
1774 4558 1857 4568 —
1918 4525 1971 4581 V
2027 4528 2098 4583 17
2147 4546 2234 4598 vg.
2284 4526 2529 4585 docebat
2572 4525 2768 4583 dicens
2813 4524 2921 4598 eis,

370 4628 493 4670 aur.
542 4607 787 4669 docebat
830 4627 934 4671 eos
975 4609 1172 4668 dicens
1219 4628 1266 4671 c,
1314 4631 1380 4691 γ.
1456 4644 1533 4651 —-
1600 4609 1657 4667 V
1709 4615 1781 4668 18
1837 4630 1927 4682 vg.
1984 4611 2273 4682 principes
2340 4610 2726 4684 sacerdotum,
2794 4627 2916 4668 aur.

369 4693 601 4754 summi
639 4691 992 4757 sacerdotes
1036 4712 1082 4754 c,
1132 4712 1164 4752 c
1185 4695 1222 4753 d
1244 4689 1309 4766 3²
1331 4716 1398 4775 y.
1471 4727 1550 4737 —
1620 4693 1673 4751 V
1730 4701 1798 4752 19
1849 4715 1938 4766 vg.
1985 4695 2408 4768 egrediebatur,
2475 4713 2597 4752 aur.
2661 4689 2922 4771 egredie-

2469 4822 2514 4876 Ο
