3634 5717
409 647 528 714 Fol
581 649 700 715 105

441 1154 527 1218 35

445 1918 532 1983 36

445 2682 526 2747 37

444 3446 528 3511 38

615 850 728 935 qui
772 824 893 919 fuit
935 852 1121 919 thare

616 1004 725 1088 qui
771 1004 893 1071 fuit
935 973 1182 1071 naeher

614 1158 724 1241 qui
768 1157 893 1224 fuit
934 1175 1126 1224 seruo

614 1308 725 1393 qui
769 1307 892 1375 fuit
936 1327 1145 1394 ragav

615 1461 727 1546 qui
764 1460 888 1528 fuit
929 1459 1210 1546 phalech
1325 1538 1330 1545 ὗ

616 1614 725 1698 qui
766 1613 891 1680 fuit
930 1613 1086 1681 eber

616 1768 727 1850 qui
771 1766 895 1833 fuit
936 1734 1127 1833 salue

618 1919 729 2004 (ιηί
770 1918 894 1986 fuit
937 1917 1174 1986 cainan

617 2073 726 2157 qui
771 2072 894 2139 fuit
937 2072 1196 2139 arfaxat

617 2225 728 2308 qui
771 2224 894 2292 fuit
937 2243 1073 2291 sem

618 2377 728 2461 qui
774 2378 897 2445 fuit
939 2398 1066 2445 noe

620 2531 729 2614 qui
774 2531 897 2597 fvit
932 2529 1189 2596 lamech
1228 2504 1233 2508 ⁴

616 2683 726 2768 (ιηί
770 2683 896 2749 fuit
938 2679 1305 2750 mathvsale

616 2837 726 2919 qui
770 2836 893 2903 fuit
934 2855 1099 2903 enee

617 2991 725 3075 (ιηί
771 2990 895 3056 fuit
938 2989 1106 3055 iuret

617 3142 726 3227 (ιηί
772 3142 895 3209 fuit
939 3140 1238 3208 maleleel

622 3295 730 3380 (ιηί
776 3295 900 3361 suit
943 3294 1177 3360 cainan
1271 3309 1281 3320 ·

617 3448 725 3532 (ιηί
766 3448 889 3515 fuit
930 3465 1089 3514 enos

616 3601 725 3686 qui
772 3601 896 3667 fuit
936 3600 1081 3666 seth

617 3754 725 3837 qui
771 3751 896 3821 fuit
939 3752 1069 3820 adi

616 3907 727 3990 (ιηί
768 3886 893 3972 fui't
934 3906 1003 3973 di

1497 646 1856 715 Leo-⁹24

1721 849 1860 916 04

1719 936 1765 980 lo
1789 935 1844 979 15

1717 986 1865 1081 mtzlfi

1717 1099 1792 1132 mr
1814 1089 1843 1131 6

1720 1770 1764 1813 lo
1789 1768 1843 1813 16

1720 1821 1868 1916 mt516

1723 2462 1748 2514 †
1778 2462 1850 2507 illi

1794 4209 1836 4273 6
1923 4216 1988 4274 et
2033 4209 2128 4276 ait
2169 4208 2247 4275 ei·
2278 4208 2398 4273 tibi
2444 4208 2616 4275 dabo
2660 4230 2747 4294 po

1926 850 2041 916 Ihs
2080 856 2297 919 autem
2340 853 2573 937 plenus

1923 1004 2049 1088 spu
2093 1016 2204 1071 see
2249 1023 2586 1090 regressus

1924 1161 2026 1222 est
2068 1157 2154 1224 ab
2195 1155 2470 1224 iordane
2512 1164 2578 1225 et

1924 1309 2249 1395 agebatur
2290 1311 2360 1376 in
2403 1312 2528 1396 spu
2575 1310 2642 1378 in

1924 1460 2185 1529 deserto
2230 1462 2400 1530 dieb’
2443 1463 2619 1548 quad

1924 1614 2193 1701 raginta
2234 1622 2301 1684 et
2343 1618 2619 1702 teptaba

1925 1773 2032 1834 tur
2073 1789 2118 1836 a
2159 1768 2445 1837 diabulo.
2487 1769 2685 1863 felt-ui

1923 1919 2015 1987 hil
2063 1920 2487 1989 manducauit
2527 1923 2597 1990 iu

1925 2071 2094 2139 dieb'
2142 2073 2274 2139 illis
2318 2080 2385 2140 et
2427 2086 2630 2141 consu

1925 2223 2121 2290 matis
2166 2224 2301 2293 illis
2348 2227 2580 2294 esuriit

1923 2375 2093 2475 dixit
2135 2378 2222 2442 h’†
2266 2377 2569 2446 diabulus
2611 2381 2671 2447 si

2823 656 2947 722 207

1930 2528 2102 2596 filius
2147 2529 2215 2596 di
2261 2549 2333 2597 es
2378 2530 2488 2598 die
2532 2539 2603 2600 ut
2646 2533 2908 2618 lapides

1928 2682 2038 2747 isti
2082 2702 2289 2768 panes
2334 2683 2499 2751 fiant
2541 2692 2608 2781 et

1922 2835 2264 2921 respoudit
2307 2837 2394 2904 ad
2436 2836 2557 2904 illsx

1923 2988 2027 3054 ihs
2072 2989 2321 3075 scriptu
2367 2996 2468 3056 est
2512 2990 2669 3075 qvia

1924 3090 2054 3207 uon
2101 3141 2168 3207 in
2215 3162 2388 3227 pane
2432 3141 2574 3209 selo
2609 3143 2677 3210 ui

1926 3299 2037 3360 uet
2077 3294 2274 3361 homo
2318 3265 2548 3360 sedin
2592 3314 2697 3361 om

1897 3445 1992 3510 .ni
2036 3447 2236 3512 uerbo
2281 3445 2350 3512 di
2396 3450 2464 3511 et
2505 3445 2694 3513 duxit

1924 3597 2043 3661 illu
2089 3596 2399 3699 diabulus·
2437 3603 2505 3664 et
2547 3617 2621 3665 os

1923 3732 2136 3816 tendit
2180 3749 2280 3815 ini
2326 3749 2551 3818 omnia
2592 3769 2712 3836 reg

1923 3923 2013 3969 na
2055 3902 2233 3969 orbis
2276 3908 2467 3970 terrae
2508 3902 2577 3969 iu

1924 4060 2253 4122 momento
2297 4056 2612 4141 temporis

2096 4368 2332 4428 testate
