3634 5717
733 647 775 713 8

736 855 1006 936 propter
1047 855 1308 916 eentum
1356 846 1685 916 denarios
1728 846 2006 914 suffoeat

738 951 825 1018 de
854 949 1193 1036 enuehissl]
1219 949 1509 1017 infantes
1539 969 1670 1016 nou
1694 968 1841 1017 esse
1865 967 2063 1016 areen

739 1053 860 1121 dos
906 1073 947 1119 a
988 1052 1449 1120 benedictione
1486 1050 1758 1119 difficile
1787 1047 2062 1117 diuitem

740 1153 1013 1222 introire
1057 1152 1126 1220 in
1170 1173 1444 1239 reguum
1491 1154 1823 1221 caelorum

741 1257 843 1323 De
863 1255 1096 1341 primis
1119 1254 1514 1323 nouissimos
1536 1255 1788 1322 futuros
1810 1252 2063 1339 parabu

739 1357 874 1424 lam
904 1357 1352 1443 operariorum
1397 1357 1468 1422 in
1511 1356 1773 1423 niueam
1812 1353 2066 1422 conduc

740 1466 963 1526 torum·
983 1458 1067 1527 de
1098 1457 1536 1544 peti[ti]onem
1580 1457 1864 1524 filiorum
1907 1456 2065 1523 zebe

740 1560 852 1629 dei
896 1567 964 1628 et
1007 1561 1090 1628 de
1136 1560 1367 1646 primis
1405 1559 1723 1627 accubitis
1768 1580 1994 1627 eaenae

741 1664 825 1731 de
870 1663 1124 1730 duobus
1168 1660 1361 1730 eoeeis
1392 1681 1580 1729 seeus
1609 1661 1787 1729 uiam
1823 1661 2069 1729 curatis

745 1765 848 1831 De
873 1764 1066 1831 asina
1090 1769 1158 1832 et
1180 1764 1362 1849 pullo
1375 1763 1516 1830 eius
1531 1762 1618 1830 de
1632 1752 1759 1830 fleu
1773 1764 2071 1832 arefacta

744 1865 1186 1951 interrogatur
1228 1864 1313 1931 de
1357 1863 1664 1931 iohannis
1708 1864 2019 1951 baptistae

744 1966 1151 2058 subiungens
1192 1966 1578 2051 parabolam
1623 1966 1899 2033 duorum
1930 1966 2068 2034 filio

745 2088 889 2135 rum
933 2068 1000 2134 in
1043 2066 1305 2134 uineam
1349 2066 1695 2134 missorum

746 2169 1142 2237 Parabolam
1158 2167 1243 2236 de
1256 2168 1455 2237 uinea
1466 2175 1534 2238 et
1544 2168 1795 2236 eolonis
1808 2169 1922 2255 qui
1932 2169 2104 2237 inter

747 2270 977 2338 ficiunt
1006 2270 1093 2338 ad
1123 2290 1196 2338 se
1227 2270 1463 2339 missos
1491 2271 1815 2357 parabola
1850 2271 1935 2339 de
1963 2271 2069 2338 his

750 2372 861 2459 qui
881 2372 1145 2441 inuitati
1171 2372 1258 2440 ad
1279 2372 1547 2458 nuptias
1568 2374 1795 2442 uenire
1811 2380 2069 2442 eontem

750 2482 915 2542 nunt
957 2474 1042 2543 de
1081 2474 1354 2542 denario
1397 2475 1664 2543 eaesaris

750 2577 850 2646 De
862 2576 1136 2646 muliere
1160 2596 1303 2661 quae
1326 2583 1581 2662 septem
1595 2577 1833 2645 fratres
1843 2576 2073 2644 habuit

749 2678 856 2744 ihs
898 2684 1256 2764 temptatus
1300 2699 1344 2745 a
1386 2677 1755 2763 pharisaeis
1797 2678 2043 2745 interro

752 2784 871 2864 gat
913 2779 1096 2846 euius
1139 2778 1315 2846 filius
1358 2784 1461 2845 est
1503 2785 1629 2865 xps

750 2881 1111 2967 Inorepans
1154 2880 1405 2947 scribas
1449 2878 1676 2948 dieens
1721 2900 1848 2948 uae
1886 2880 2074 2947 uobis

752 2980 1010 3051 scribae
1054 2988 1123 3049 et
1164 2981 1501 3068 pharisaei
1545 2981 1911 3068 increpatio

753 3082 1044 3150 ciuitatis
1099 3083 1183 3151 de
1228 3083 1556 3152 oeeisione
1606 3084 2074 3170 prophetarum

754 3191 821 3252 et
860 3183 1274 3271 lapidatione

755 3286 1170 3355 Hierusalem
1201 3286 1600 3354 hiemalem
1636 3287 1720 3354 de
1752 3287 1966 3373 signis
1989 3308 2075 3354 no

753 3387 1174 3455 nissimorum
1217 3387 1469 3456 dierum
1515 3387 1600 3456 de
1641 3388 1931 3457 adventu
1974 3390 2075 3456 sal

753 3488 1004 3558 natoris
1048 3488 1133 3556 de
1175 3490 1406 3558 decem
1442 3491 1810 3577 uirginibus

755 3589 842 3656 de
880 3590 1149 3676 talentis
1195 3590 1278 3659 de
1323 3591 1554 3660 ouibus
1598 3613 1641 3660 a
1683 3593 1938 3661 dextris

755 3697 823 3759 et
863 3690 1054 3759 hedis
1100 3714 1142 3759 a
1183 3693 1471 3762 sinistris

755 3792 904 3878 D[e]
919 3792 1299 3862 iudaeorum
1312 3794 1659 3863 coneilium
1671 3795 1756 3864 de
1768 3795 2162 3881 eonpraehen

753 3892 975 3961 dendo
1019 3895 1134 3961 ihfi
1179 3902 1248 3964 et
1289 3904 1512 3966 eetera
1546 3917 1691 3983 quse
1737 3897 1806 3963 in
1855 3918 2040 3966 eaena

755 3993 873 4062 dni
918 4002 1112 4081 gesta
1155 4003 1324 4065 sunt.

754 4098 949 4163 Petro
1000 4096 1305 4182 praedieit
1348 4099 1523 4184 quod
1560 4098 1755 4167 tertio
1802 4119 1950 4167 eum

756 4206 1111 4284 negaturus
1154 4206 1331 4267 esset
1376 4201 1587 4268 oratio
1632 4200 1750 4265 ihu
1796 4200 1883 4269 ad

753 4305 1012 4386 patrem
1055 4307 1123 4367 et
1166 4308 1388 4369 eetera
1430 4322 1573 4369 eum
1615 4301 1983 4371 traderetur

754 4401 1027 4487 [paJssio
1062 4401 1180 4469 dni
1213 4410 1280 4470 et
1314 4404 1659 4489 sepultura
1686 4411 1754 4471 et
1781 4425 2080 4474 resurree

752 4502 846 4570 tio
893 4503 1034 4571 eius
1080 4504 1369 4590 itemque
1411 4504 1729 4573 mandata
1771 4514 1841 4575 et

752 4602 1056 4678 doctrina
1097 4604 1240 4673 eius
1284 4605 1369 4675 de
1414 4606 1743 4696 baptismo
1790 4625 1807 4644 ·
