3634 5717
770 702 929 762 XVI

1181 892 1260 952 In
1305 891 1545 952 codice
1590 907 1833 951 aureo:
2291 886 2371 948 In
2417 899 2874 950 testamento:

1208 993 1452 1054 Aelfi-ed
1495 992 1793 1052 aldormen
2329 991 2568 1052 AElfrcd

1206 1079 1451 1138 Acis-ed
1495 1078 1614 1137 dux
1845 1008 1870 1134 i
2329 1076 2537 1138 Elfred
2637 1008 2657 1138 ἶ
2703 1043 2820 1102 ‘¹¹¹¹

1206 1164 1477 1236 Verburg
1520 1164 1642 1222 min
1683 1164 1884 1236 gefera
2341 1162 2614 1236 verbm-g
2653 1163 2775 1223 min
2823 1163 2919 1222 vif

1207 1250 1468 1320 Alhtryt
1512 1269 1711 1308 eorum
1760 1248 1910 1326 [fllia
1923 1248 1980 1324 ⁶2]
2341 1246 2599 1318 Alhtryt
2643 1269 2823 1308 uncer
2863 1248 3041 1307 bearn

1898 1378 1960 1425 et
2002 1382 2202 1438 porro:

1204 1455 1411 1513 cristes
1455 1456 1645 1513 circan
1693 1455 1763 1512 aa
1806 1452 1964 1511 hvile
2081 1467 2104 1600 ἂ
2278 1469 2301 1602 ἱ
2354 1452 2561 1511 cristes
2606 1454 2822 1512 cirican
2867 1455 2937 1514 oa
2981 1453 3137 1512 hvile

1203 1543 1271 1600 ὂ6
1315 1539 1536 1599 fulviht
1579 1539 1826 1597 stonda21
1870 1547 2026 1596 mote
2355 1537 2426 1596 de
2472 1538 2690 1597 fulviht
2733 1539 2820 1596 sio

938 1660 1287 1719 Rectissime
1331 1659 1666 1718 observavit
1708 1656 1995 1728 Georgius
2039 1655 2330 1729 Stephens
2391 1657 2457 1731 (l.
2505 1657 2543 1719 l.
2589 1678 2718 1729 pag.
2775 1663 2912 1732 14),
2980 1679 3095 1719 non
3161 1680 3332 1731 posse

768 1746 937 1805 facile
982 1746 1126 1804 duos
1171 1746 1329 1805 viros
1372 1744 1613 1816 cogitari
1659 1743 1920 1802 eiusdem
1964 1742 2354 1813 amplissimae
2386 1742 2710 1816 dignitatis,
2754 1744 3015 1803 eiusdem
3060 1746 3332 1816 nominis,

768 1852 978 1890 uxores
1023 1831 1408 1906 cognomines,
1452 1829 1742 1900 filiamque
1786 1830 2012 1887 unicam
2059 1827 2321 1886 eiusdem
2366 1829 2612 1887 nominis
2658 1829 2959 1902 habentes,
3019 1841 3332 1901 utrumque

768 1918 1030 1991 divitem,
1075 1917 1236 1989 pium
1280 1925 1342 1975 et
1385 1936 1521 1986 erga
1563 1914 1837 1973 ecclesias
1876 1912 2190 1973 liberalem.
2262 1911 2689 1972 Commemorat
2732 1934 2869 1973 sane
2917 1926 3328 1975 testamentum

765 2002 949 2061 filium
992 2000 1259 2060 Aelfredi
1306 2001 1469 2059 ducis
1498 1999 1931 2072 Aeozlvaldum5
1977 2000 2143 2057 cuius
2191 1998 2247 2056 in
2295 1999 2672 2070 inscriptione
2717 2000 2933 2059 codicis
2978 2002 3142 2060 aurei
3175 2001 3330 2060 nulla
3425 2022 3434 2030 ·

768 2088 984 2146 mentio
1028 2087 1113 2148 fit.
1203 2085 1321 2146 Sed
1385 2106 1609 2144 summo
1677 2086 1801 2143 iure
1846 2083 1917 2145 G.
1968 2082 2278 2158 StephenS‚
2346 2085 2444 2155 qui
2509 2086 2732 2156 primus
2790 2086 3225 2158 inscriptionem
3273 2089 3328 2146 in

768 2172 965 2231 codice
1010 2192 1188 2231 aureo
1232 2192 1360 2230 cum
1409 2181 1757 2230 testamento
1801 2170 2176 2241 compat-aviti
2223 2169 2376 2228 hunc
2403 2169 2815 2229 Aebelvaldum
2855 2171 3036 2230 filium
3067 2174 3330 2244 spurium

767 2258 951 2316 fuisse
995 2258 1345 2332 arbitratui-3
1394 2256 1707 2315 Aelfredus
1752 2257 1871 2314 dux
1916 2255 2068 2314 enim
2123 2254 2374 2313 »minum
2428 2275 2607 2313 suna«
2670 2256 2878 2330 (filium
2932 2261 3151 2332 meum)
3197 2277 3328 2317 eum

766 2342 1039 2418 appellat,
1085 2363 1262 2414 quum
1301 2343 1360 2400 in
1392 2351 1764 2412 testamentQ
1811 2341 1910 2400 ubi
1943 2353 2057 2399 tam
2090 2360 2195 2398 suo
2225 2360 2396 2411 quam
2422 2339 2760 2412 Verburgae
2792 2342 3019 2401 nomine
3049 2342 3330 2416 loquitur„

767 2428 1118 2499 Alhtrysam
1168 2448 1411 2487 »uncum
1454 2447 1759 2499 gemenum
1801 2426 2048 2486 bearne«
2091 2430 2477 2495 (communem
2506 2426 2683 2484 filiam
2717 2436 3003 2501 nostram)
3048 2428 3329 2500 appellet:

765 2534 936 2586 porro
968 2513 1320 2573 Aebelvaldo
1350 2533 1529 2585 parva
1557 2512 1957 2571 tantummodo
1996 2511 2275 2570 bonorum
2308 2521 2677 2584 paternorum
2709 2533 2843 2583 pars
2874 2513 3049 2572 datur
3094 2521 3158 2588 (3
3193 2514 3332 2573 hida

764 2611 827 2658 et
869 2610 1099 2658 centum
1164 2600 1375 2671 porci)q
1441 2611 1503 2656 at
1548 2598 1878 2668 Ajhtrytae
1923 2597 2075 2655 filiae
2127 2603 2242 2655 106
2290 2596 2430 2655 hida
2473 2607 2534 2655 et
2591 2597 2705 2656 duo
2763 2597 2946 2657 millia
3003 2619 3328 2670 porcorum.

765 2683 1082 2742 Praeterea
1125 2684 1294 2742 enixe
1338 2693 1505 2756 optat
1550 2683 1885 2754 Aelfredus7
1930 2693 1998 2741 ut
2042 2693 2316 2740 nascatur
2357 2682 2467 2741 sibi
2514 2683 2769 2742 mascula
2811 2683 3024 2757 proles,
3070 2685 3131 2744 id
3176 2687 3331 2757 quod

765 2768 1079 2827 absurdum
1103 2778 1279 2842 esset,
1304 2769 1351 2825 si
1380 2767 1767 2827 Aehelvaldus
1789 2767 1943 2825 filius
1965 2767 2250 2838 genuinus
2273 2766 2503 2828 fuisset.
2565 2767 2683 2827 Sed
2712 2770 2985 2841 quoniam
3008 2772 3066 2827 in
3093 2771 3332 2843 inscrip-

766 2855 926 2912 tionc
972 2853 1129 2912 nulla
1170 2854 1237 2912 fit
1274 2852 1606 2913 Aeoelvaldi
1653 2855 1892 2924 mentio,
1939 2863 2134 2923 potest
2179 2851 2446 2929 fortasse,
2492 2863 2557 2912 ut
2603 2855 2876 2924 opinatur
2907 2853 2980 2916 G.
3013 2853 3330 2932 Stephens„

767 2939 1071 3010 inscriptio
1116 2937 1216 2997 illa
1258 2940 1477 3009 scripta
1519 2957 1669 3010 esse„
1715 2938 1975 3009 adeoque
2020 2937 2201 2995 codex
2246 2957 2455 2997 aureus
2496 2938 2778 3014 „ecclesiae
2804 2939 3026 2999 Christi
3059 2940 3332 3016 donatus7

765 3034 1072 3095 antequam
1120 3034 1291 3083 natus
1335 3033 1464 3082 erat
1509 3023 1930 3100 Accelvaldus3
1975 3022 2232 3092 alioquin
2277 3025 2430 3082 enim
2470 3024 2530 3082 in
2562 3025 2938 3097 inscriptione
2967 3026 3123 3085 hand
3156 3027 3332 3086 dubie

763 3120 1243 3168 commemoratus
1312 3109 1544 3182 fnisset,
1611 3119 1681 3167 ut
1743 3128 1980 3180 precum
2047 3107 2125 3166 ibi
2194 3119 2766 3169 commemoratarum
2838 3123 2900 3169 et·
2967 3111 3089 3183 ipse
3148 3113 3334 3185 part-i-

764 3215 899 3267 ceps
948 3195 1137 3255 fieret.

934 3278 1060 3339 Iam
1105 3299 1263 3365 vero,
1308 3280 1359 3338 si
1404 3299 1554 3338 unus
1584 3278 1854 3350 idemque
1883 3277 2194 3337 Aelfredus
2229 3279 2348 3337 dux
2376 3289 2438 3338 et
2469 3280 2865 3353 inscriptionis
2896 3292 2959 3340 et
2990 3286 3328 3344 testamenti

763 3375 969 3425 auctor
1032 3375 1143 3441 est,
1209 3375 1371 3424 aetas
1415 3383 1644 3436 quoque
1691 3364 2024 3422 testamenti
2069 3384 2248 3435 parva
2291 3383 2467 3435 opera
2532 3366 2870 3439 investigari
2937 3379 3166 3447 potest3
3238 3380 3333 3429 est

762 3451 917 3510 enim
983 3450 1057 3509 ad
1125 3470 1319 3522 regem
1363 3449 1707 3509 Aelfredum
1769 3450 2052 3520 scriptum
2110 3459 2174 3508 et
2229 3449 2300 3508 ab
2346 3450 2649 3510 AeBeredo
2707 3453 3142 3526 archiepiscopo
3197 3455 3327 3514 sub-

762 3537 1066 3612 scriptum,
1133 3536 1330 3608 itaque
1396 3555 1465 3594 eo
1533 3544 1790 3606 tempore
1836 3535 2129 3612 emissum,
2189 3553 2302 3608 quo
2346 3544 2408 3594 et
2452 3537 2717 3608 regnavit
2761 3538 3076 3598 Aelfredus
3121 3560 3225 3599 rex
3269 3551 3333 3600 et

762 3621 1181 3692 archiepiscopi
1225 3640 1462 3679 munere
1495 3620 1831 3679 Aeberedus
1875 3619 2255 3698 fungebatur3
2299 3620 2453 3679 unde
2497 3621 2773 3698 efficitur,
2820 3635 2978 3683 recte
3022 3646 3056 3683 a
3080 3625 3330 3685 Kemble

765 3714 1018 3764 aetatem
1062 3706 1217 3765 inter
1259 3726 1473 3764 annum
1519 3709 1631 3766 871
1686 3716 1749 3764 et
1796 3712 1915 3765 889
1963 3706 2344 3764 constitutam
2388 3725 2517 3766 esse
2537 3702 2609 3779 ²).

932 3790 1131 3850 Etiam
1174 3792 1235 3850 in
1280 3792 1463 3851 altera
1506 3791 1605 3849 illa
1647 3791 1917 3867 epistola,
1962 3792 2024 3850 in
2068 3809 2184 3864 qua
2223 3791 2397 3849 simili
2427 3791 2597 3853 modo
2628 3792 2780 3851 dona
2809 3793 3023 3853 dantur
3051 3794 3330 3855 ecclesiae

764 3874 985 3935 Christi
1064 3874 1318 3950 (Cristes
1392 3878 1611 3951 circan)
1630 3920 1647 3952 ,
1726 3876 2042 3936 Aelfredus
2119 3875 2237 3934 dux
2314 3888 2376 3935 et
2443 3877 2779 3938 Aesoredus
2857 3880 3332 3953 archiepiscopus

762 3972 1310 4038 commemorantur,
1376 3962 1489 4020 nisi
1557 3959 1713 4034 quod
1764 3961 2050 4020 Ethelred
2102 3962 2382 4034 scriptum
2426 3974 2519 4022 est
2561 3984 2667 4036 pro
2713 3966 2998 4026 Aebered.
3087 3965 3332 4026 Initium

761 4047 888 4106 eius
933 4047 993 4105 in
1038 4047 1277 4120 antiqua
1323 4046 1700 4105 translatione
1748 4046 1994 4119 Anglica
2045 4048 2466 4120 (autographus
2518 4050 2708 4121 Anglo
2726 4049 3083 4111 -Saxonicus
3135 4052 3332 4126 deest)

761 4131 871 4190 hoc
915 4143 1032 4191 est:
2235 4157 2240 4162 ·

940 4215 1045 4275 »In
1113 4217 1340 4276 nomine
1385 4216 1601 4275 domini
1645 4215 1728 4277 IC
1770 4215 1979 4276 Elfred
2024 4217 2143 4276 dux
2186 4217 2299 4276 and
2342 4217 2625 4278 Ethelred
2670 4219 3048 4293 archebiscop
3091 4221 3207 4281 and
3250 4220 3330 4297 1³0

761 4302 934 4374 higen
997 4312 1059 4360 at
1104 4300 1327 4362 Cristes
1393 4301 1663 4362 cheriche
1716 4301 1934 4360 habbez
1986 4304 2122 4361 wisc
2180 4302 2319 4362 ared
2365 4303 2527 4363 embe
2571 4302 2674 4379 bct
2716 4304 2852 4364 land
2896 4315 2960 4364 at
3003 4304 3327 4366 Chertham

760 4384 863 4461 pet
905 4388 957 4446 is
999 4384 1186 4461 banne
1230 4386 1332 4461 bet
1352 4387 1559 4447 Elfred
1602 4388 1755 4446 efter
1796 4388 1890 4446 his
1936 4387 2079 4461 dage
2108 4388 2291 4448 hauez
2320 4386 2581 4464 bequepe
2611 4388 2715 4465 pat
2741 4390 2876 4449 land
2907 4401 2971 4449 at
3002 4389 3326 4451 Chertham

762 4474 824 4530 in
869 4482 929 4531 to
972 4469 1088 4546 pan
1129 4471 1302 4544 higen
1347 4483 1497 4533 etc«

866 4637 898 4690 ¹)
925 4637 1172 4683 Aelfredus
1197 4652 1281 4684 rex
1306 4640 1521 4690 regnavit
1544 4641 1607 4685 ab
1633 4654 1758 4686 anno
1783 4640 1861 4685 871
1897 4640 1958 4685 ad
1994 4641 2171 4687 obitum
2198 4653 2335 4685 suum
2362 4639 2453 4684 ml.
2509 4641 2779 4694 Aefieredus
2805 4641 3148 4696 (Aethelmdns)
3174 4645 3328 4689 archi-

762 4707 966 4759 episcopi
1002 4720 1193 4753 munere
1227 4707 1510 4758 fungebatur
1534 4708 1597 4753 ab
1622 4721 1746 4754 anno
1783 4707 1863 4752 870
1900 4707 1963 4754 ad
2002 4713 2198 4754 mortem
2222 4711 2302 4754 888
2326 4713 2408 4753 aut
2434 4711 2533 4760 889.
2577 4710 2701 4757 (vide
2728 4711 2896 4756 Chron.
2925 4712 3211 4765 Amlo-su.
3250 4713 3327 4758 ed.

764 4773 818 4818 B.
847 4773 1028 4827 'rhome
1054 4774 1096 4820 1.
1125 4788 1231 4828 pag.
1259 4775 1350 4820 134.
1380 4775 1470 4820 137.
1498 4775 1700 4826 140—412
1730 4777 1938 4829 158—593
1969 4774 2180 4828 182—83).
