3634 5717
927 825 1059 892 illis
1106 827 1174 893 in
1216 827 1611 895 hierusalem
1657 848 1729 896 se

927 981 1207 1049 eundum
1248 978 1632 1047 consuetudi

752 1132 837 1199 43
922 1141 1006 1198 ne
1052 1131 1188 1199 diei
1230 1132 1382 1198 festi
1428 1134 1744 1199 eonsfima

666 2699 681 2707 -
755 2654 840 2721 45

756 3116 841 3182 46

754 4030 837 4094 47

724 4114 770 4158 ιο
794 4114 823 4158 4

725 4168 870 4262 mt253

724 4281 797 4313 mr
820 4269 873 4314 1³

925 1283 1072 1368 tisq’
1116 1282 1285 1353 dieb'
1328 1303 1473 1350 eum
1518 1284 1811 1353 redirent

927 1437 1245 1515 remansit
1286 1457 1449 1522 puer
1492 1436 1598 1502 ihs
1637 1438 1706 1503 in

927 1588 1323 1657 hierusalem
1368 1596 1433 1656 et
1478 1610 1607 1655 non

931 1749 1381 1826 eognouerunt
1423 1764 1629 1829 paren

929 1898 1029 1960 tes
1073 1893 1215 1960 eius
1260 1894 1714 1966 existimantes

929 2016 1146 2114 autem
1192 2047 1375 2115 illum
1422 2069 1567 2117 esse
1610 2050 1678 2117 in
1724 2071 1800 2117 eo

928 2156 1160 2266 mitatu
1204 2208 1524 2268 uenerunt
1562 2203 1688 2270 iter

928 2351 1061 2419 diei
1109 2359 1189 2421 et.
1219 2354 1642 2439 requirebant

928 2524 1077 2570 eum
1122 2505 1292 2573 inter
1336 2514 1651 2592 cognatos

928 2663 994 2723 et
1036 2664 1224 2725 notos
1268 2666 1335 2727 et
1379 2680 1507 2727 non
1556 2660 1706 2728 inue

930 2810 1188 2878 nientes
1229 2812 1514 2896 regressi
1553 2819 1615 2878 st

929 2963 1001 3028 in
1044 2963 1373 3051 hierusale
1419 2964 1720 3048 requiren

930 3122 1029 3182 tes
1064 3076 1220 3181 'eum
1267 3123 1333 3182 et
1376 3116 1555 3183 factu
1601 3124 1703 3184 est

928 3273 1079 3351 post
1123 3267 1407 3335 triduum
1455 3270 1607 3338 inue

929 3426 1164 3486 nerunt
1208 3421 1391 3487 illum
1436 3422 1503 3487 in
1550 3387 1716 3490 tem⁴

930 3571 1039 3656 plo
1085 3573 1422 3642 sedentem
1465 3575 1531 3640 in
1578 3597 1682 3644 me

930 3725 1039 3791 dio
1085 3727 1421 3795 doctorum
1463 3726 1618 3795 audi

929 3885 1144 3967 entem
1190 3880 1340 3948 illos
1387 3887 1453 3945 et
1496 3880 1668 3947 inter

928 4038 1269 4116 rogantem
1320 4050 1433 4099 eos
1478 4032 1683 4116 Stupe

929 4184 1090 4250 baut
1133 4183 1193 4248 h'
1236 4204 1461 4251 omnes
1496 4185 1615 4269 ·qui
1661 4187 1742 4251 efi

928 4334 1287 4404 audiebant
1331 4357 1527 4422 super
1569 4336 1823 4423 pruden

1851 627 2128 696 Mrc2

2063 984 2145 1049 48

2031 1071 2077 1114 lo
2102 1070 2130 1112 5

2083 1121 2136 1163 10

2083 1172 2152 1215 sol

2063 1883 2148 1948 49

2240 829 2398 896 tiam
2445 835 2511 896 et
2555 827 2957 912 responsisn]
3004 827 3067 895 ei

2234 1002 2308 1049 us
2353 988 2421 1050 et
2464 981 2608 1048 uiso
2652 979 2770 1048 illo
2808 985 3180 1065 expansi-t:

2238 1136 2321 1201 Et
2363 1133 2533 1201 dixit
2577 1140 2785 1201 mater
2828 1132 2970 1200 eius

2237 1285 2324 1355 ad
2368 1286 2552 1353 illum
2597 1285 2694 1351 fili
2740 1282 2899 1368 quid
2942 1283 3104 1352 fecis

2238 1440 2288 1505 ti
2333 1438 2521 1507 nobis
2566 1437 2663 1505 sie
2709 1457 2861 1504 eece
2905 1456 3032 1522 ego

2241 1597 2308 1659 et
2350 1596 2538 1675 pater
2577 1597 2723 1656 tuus
2769 1588 2964 1656 dolen

2242 1750 2340 1811 tes
2381 1743 2811 1828 querebamus
2850 1746 2918 1808 te

2238 1902 2302 1962 et
2345 1895 2441 1963 ait
2482 1894 2568 1963 ad
2612 1895 2764 1961 illos
2809 1892 2966 1979 quid
3011 1900 3120 1961 est

2240 2048 2414 2133 quod
2456 2047 2827 2132 querebatis
2873 2065 2980 2112 me

2239 2200 2507 2268 nescitis
2552 2193 2720 2285 quia'
2751 2200 2819 2265 in
2862 2199 2966 2265 his

2125 2372 2138 2385 ·
2240 2335 2407 2438 quae
2451 2353 2660 2439 patris
2704 2351 2835 2420 mei
2878 2358 3033 2419 sunt

1971 2968 2147 3034 „51

2072 3880 2156 3945 52

2241 2511 2500 2591 oportet
2543 2526 2649 2573 me
2693 2524 2841 2572 esse
2882 2510 2949 2570 et

2241 2658 2371 2744 ipsi
2412 2679 2544 2725 non
2590 2658 2967 2726 intellexert

2242 2811 2510 2878 uerbum
2556 2808 2728 2895 quod
2768 2811 2915 2877 loeu

2238 2972 2342 3031 tus
2388 2970 2490 3030 est
2532 2961 2618 3031 ad
2662 2962 2833 3030 illos,
2878 2967 2945 3028 et
2994 2959 3078 3028 de

2238 3116 2496 3184 seendit
2536 3136 2682 3183 eum
2727 3115 2860 3181 illis
2905 3120 2974 3181 et

2240 3270 2421 3338 uenit
2468 3268 2793 3337 nasareth.
2839 3273 2907 3335 et
2949 3288 2987 3334 e

2241 3429 2345 3490 rat
2388 3420 2687 3489 subditus
2726 3418 2861 3487 illis
2906 3425 2973 3486 et

2239 3580 2449 3642 mater
2494 3574 2634 3640 eius
2680 3591 3001 3639 conserua

2239 3727 2355 3794 bat
2396 3725 2621 3793 omnia
2662 3725 2866 3793 uerba
2893 3713 3063 3791 'haee'

2243 3880 2312 3945 in
2358 3877 2554 3946 eorde
2599 3898 2717 3971 suo
2762 3883 2830 3944 et
2872 3877 2976 3943 ihs
3022 3896 3140 3963 pro

2242 4032 2506 4099 fioiebat
2549 4036 2744 4097 aetate
2789 4038 2856 4098 et
2896 4032 3045 4116 sapi

2242 4183 2423 4250 entia
2465 4189 2534 4250 et
2578 4176 2797 4267 gratia
2835 4183 3012 4268 apud
3056 4183 3167 4249 dm

2241 4342 2307 4403 et
2349 4334 2649 4403 homines
