3634 5717
695 693 820 759 100

899 894 1088 960 nobis
1136 899 1201 959 et
1243 894 1431 959 uobis
1476 894 1566 958 ite
1612 914 1696 977 po

899 1046 1028 1112 tius
1075 1046 1162 1113 ad
1208 1043 1568 1111 uendentes
1616 1052 1681 1111 et

732 1204 811 1268 10
897 1198 1095 1265 emite
1139 1198 1327 1264 uobis
1370 1195 1459 1261 dfi
1506 1202 1657 1264 aute

897 1350 1069 1415 irent
1112 1369 1329 1415 emere
1374 1347 1558 1414 uenit

903 1520 1182 1586 sponsus
1230 1507 1295 1565 et
1340 1521 1483 1584 quae
1527 1520 1691 1583 para
1784 1578 1791 1583 Λ

898 1660 1009 1718 tae
1054 1658 1242 1718 erant
1285 1632 1695 1718 intrauervnt

898 1824 1043 1869 cum
1089 1822 1166 1867 eo
1212 1801 1297 1868 ad
1342 1803 1608 1887 nuptias

900 1963 965 2022 et
1010 1956 1237 2021 clausa
1282 1960 1383 2018 est
1426 1953 1628 2021 ianua

739 2102 809 2165 ll
905 2105 1261 2173 nouissime
1307 2105 1579 2172 ueniunt

903 2257 1171 2341 reliqnae
1214 2256 1509 2341 uirgines
1555 2256 1622 2322 di

905 2417 1128 2478 centes
1176 2409 1309 2476 dne
1354 2409 1484 2475 dne
1530 2429 1657 2493 ape

737 2564 815 2627 12
905 2562 962 2627 ri
1006 2562 1195 2627 nobis
1243 2569 1311 2628 at
1355 2562 1469 2627 ille
1512 2581 1748 2646 respon

906 2712 1068 2779 dens
1118 2713 1212 2779 ait
1257 2734 1445 2779 amen
1494 2713 1642 2779 dico

742 2852 819 2917 13
906 2864 1093 2930 nobis
1140 2865 1361 2930 nescio
1408 2884 1525 2930 uos
1572 2865 1636 2929 ni

909 3016 1116 3101 gilate
1162 3016 1314 3098 itaq'
1361 3016 1517 3099 quia
1558 3036 1675 3082 nes

919 3168 1066 3233 citis
1114 3167 1223 3233 die
1270 3168 1412 3250 neq'
1457 3168 1615 3233 hora

739 3312 819 3376 14
916 3319 1099 3384 Sicut
1140 3319 1312 3384 enim
1359 3319 1552 3384 homo
1598 3339 1717 3403 per

703 3404 772 3440 mt
796 3396 875 3439 270

704 3450 876 3593 &3354
913 3492 1067 3555 egre
1115 3471 1536 3556 proficiscens

724 3563 748 3593 0
833 3568 843 3594 ί

851 3705 857 3711 ,
911 3622 1174 3688 uocauit
1212 3643 1436 3689 seruos
1481 3643 1558 3688 sv

910 3794 983 3840 os
1029 3780 1095 3840 et
1138 3774 1413 3841 tradidit
1456 3773 1594 3839 illis

744 3924 872 4054 15271
908 3927 1084 3993 bona
1126 3947 1247 3992 sua
1286 3926 1373 3990 Et
1416 3926 1526 3990 uni
1574 3924 1657 3990 de

706 4024 751 4054 m

704 4114 749 4156 10
776 4062 853 4156 2⁵29
914 4076 1014 4142 dit
1056 4077 1271 4159 quinq'
1316 4077 1569 4142 talenta
1614 4096 1655 4141 a

909 4228 986 4294 lii
1029 4235 1181 4293 aute
1227 4226 1354 4293 dno
1401 4228 1517 4295 alii
1563 4247 1718 4293 uero
1843 4318 1848 4325 ν

908 4389 1044 4445 nnn
1089 4378 1371 4462 unicuiq’
1417 4386 1567 4446 aute
1612 4398 1684 4445 se

911 4528 1130 4596 cundfl
1176 4531 1508 4615 propriam
1549 4531 1652 4597 uir

1084 4688 1287 4748 tutem

1808 688 2118 754 Mtceo

2057 1048 2136 1111 16

2058 1641 2132 1704 17

2061 2095 2138 2157 18

2063 2858 2140 2922 19

2222 898 2287 956 et
2333 891 2662 975 profectus
2708 895 2808 954 est
2915 938 2922 944 .

2220 1048 2376 1107 stati
2424 1041 2590 1107 abiit
2634 1046 2783 1106 aute
2830 1039 2939 1122 qui

2221 1193 2437 1276 quinq'
2480 1193 2732 1259 talenta
2776 1205 2922 1257 ac⁹e

2221 1353 2411 1430 perat
2455 1352 2520 1411 et
2564 1352 2872 1428 operatus

2224 1502 2324 1562 est
2364 1495 2429 1560 in
2478 1497 2574 1561 eis
2620 1502 2686 1562 et
2730 1496 2913 1560 lucra

2223 1654 2326 1712 tus
2373 1653 2473 1712 est
2518 1646 2652 1713 alia
2696 1647 2912 1730 quinq'
2959 1646 3016 1711 si

2226 1798 2467 1864 militer
2506 1799 2617 1882 qui
2660 1798 2788 1864 dno
2836 1819 2914 1864 ac

2227 1909 2508 2035 ceperat.
2537 1951 2823 2016 lucratus

2228 2112 2327 2168 est
2373 2103 2508 2169 alia
2551 2103 2678 2169 dno
2726 2102 2836 2186 qui
2879 2122 2962 2169 au

2226 2263 2292 2322 te
2338 2276 2531 2322 unum
2586 2261 2934 2339 acceperat

2227 2407 2456 2472 abiens
2503 2406 2670 2472 fodit
2715 2407 2780 2471 in
2828 2413 2928 2474 ter

2231 2572 2304 2624 ra
2361 2565 2428 2624 et
2474 2558 2818 2625 abscondit
2862 2579 2946 2642 pe

2228 2711 2420 2776 cunia
2464 2710 2713 2776 domini
2753 2711 2854 2776 sui

2233 2871 2381 2947 post
2422 2863 2629 2929 multfi
2674 2881 2829 2929 uero
2876 2868 2940 2927 te

2146 3057 2149 3060 -
2234 3015 2412 3099 poris
2459 3016 2642 3081 uenit
2686 3013 2862 3080 domi

2060 3470 2146 3534 20

2235 3186 2355 3232 nus
2400 3178 2670 3232 seruorn
2716 3166 2906 3231 illm-<r

2237 3324 2301 3382 et
2346 3318 2566 3401 posuit
2608 3318 2862 3384 ratione
2929 3300 2940 3309 ⁸

2234 3471 2313 3534 cfi
2361 3471 2456 3536 eis
2502 3478 2567 3535 et
2612 3469 2934 3536 accedens

2231 3621 2343 3703 qni
2391 3622 2606 3704 quinq’
2651 3622 2905 3686 talenta

2234 3780 2579 3857 acceperat
2622 3779 2687 3838 et
2731 3773 2890 3838 obtv

2232 3925 2310 3990 lit
2354 3925 2490 3992 alia
2534 3924 2748 4007 quinq'
2791 3926 2967 3991 talen

2230 4060 2302 4143 ta
2347 4075 2574 4142 dicens
2618 4076 2749 4143 dne
2794 4075 2947 4159 quin

2232 4249 2355 4312 que
2399 4229 2653 4295 talenta
2696 4227 2857 4293 mihi

2233 4379 2569 4445 tradidisti
2615 4400 2767 4446 ecce
2811 4378 2898 4444 ali

2232 4553 2274 4596 a
2317 4530 2534 4615 quinq'
2579 4531 2959 4615 superlucra
3033 4628 3048 4635 -

2401 4687 2504 4746 tus
2549 4702 2687 4747 sum
