3634 5717
696 640 825 710 284

739 1152 817 1217 51

756 1474 808 1519 10

1685 717 1716 741 -.
1808 650 2123 719 Loo22

908 857 1102 914 senui
1149 849 1467 935 principis
1513 871 1699 919 saeer

907 998 1066 1065 dotti
1108 1005 1175 1065 et
1217 1001 1584 1084 amputauit
1627 1003 1790 1069 «dex

910 1154 1152 1216 teram»
1200 1151 1492 1218 auricula
1537 1153 1695 1221 eius.
1743 1155 1871 1222 Res

909 1299 1143 1387 pendit
1184 1308 1337 1369 aute
1380 1303 1484 1370 ihs
1529 1306 1626 1371 ait'
1666 1306 1810 1373 sine

911 1455 1048 1537 usq’
1092 1454 1308 1521 adhue
1344 1456 1428 1521 Et
1471 1466 1550 1523 οὐ
1596 1458 1714 1524 teti

910 1606 1117 1692 gisset
1160 1606 1454 1674 anticuli
1496 1607 1637 1674 eius
1681 1628 1759 1676 sa

915 1759 1099 1828 nauit
1141 1760 1224 1826 efi
1269 1758 1459 1826 Dixit
1502 1766 1717 1827 autem
1753 1714 1756 1717 A

911 1912 1017 1979 ihs
1062 1911 1144 1979 ad
1191 1931 1304 1979 eos
1350 1911 1460 1995 qui
1500 1919 1832 2001 uenerant·

914 2061 1001 2129 ad
1044 2082 1115 2130 se
1162 2026 1493 2148 principes
1537 2065 1811 2133 sacerdo

915 2216 984 2281 tii
1031 2221 1098 2281 et
1142 2213 1566 2299 magistratus
1611 2223 1676 2283 te

913 2366 1008 2452 pli
1053 2373 1120 2433 et
1162 2365 1454 2433 seniores
1498 2368 1688 2451 quasi
1732 2370 1816 2438 ad

913 2519 1168 2586 latrone
1215 2517 1446 2584 existis
1491 2520 1570 2584 eli
1617 2521 1732 2606 gia

913 2669 1044 2737 diis
1088 2678 1155 2738 et
1191 2670 1412 2737 fustib’
1456 2672 1535 2738 οῦ
1583 2672 1826 2740 cotidie

915 2823 1188 2892 uobisofi
1232 2824 1400 2891 fueri
1447 2826 1513 2892 in
1560 2831 1692 2892 tem

913 2978 1025 3063 plo
1071 2997 1200 3045 non
1249 2976 1639 3044 extendistis

915 3147 1146 3197 manus
1192 3129 1260 3194 in
1308 3148 1413 3195 me
1453 3127 1587 3196 Sed
1631 3129 1796 3197 haee

914 3288 1016 3349 est
1057 3281 1221 3349 hora
1264 3287 1487 3349 uestra
1530 3289 1597 3349 et
1641 3303 1726 3367 po

913 3438 1118 3501 testas
1157 3434 1572 3501 tenebrarum

912 3586 1555 3673 Conpraehendentes

914 3747 1065 3806 aute
1111 3759 1258 3806 eum
1304 3740 1628 3808 duxerunt
1672 3742 1757 3807 ad

915 3893 1116 3959 domui
1160 3893 1478 3979 principis
1523 3911 1711 3958 saeer-

914 4044 1137 4112 dotum
1185 4047 1414 4112 Petrus
1458 4065 1612 4112 uero
1657 4064 1729 4110 se

914 4200 1166 4283 q’batur
1209 4207 1290 4264 οὐ
1336 4217 1377 4260 a
1421 4196 1618 4281 longe
1664 4218 1742 4263 ae

913 4370 1110 4417 senso
1157 4353 1307 4415 aute
1356 4347 1494 4431 igni
1543 4346 1607 4411 in
1654 4368 1756 4414 me

1165 4498 1176 4506 ’
1219 4499 1329 4566 (1ίο
1375 4498 1543 4565 atrio

2059 1161 2145 1226 56

2061 2813 2148 2880 59

2064 4354 2142 4417 61

2110 4438 2137 4479 2

2233 861 2298 920 et
2343 851 2844 920 eirefisedentib’
2888 853 3020 920 inis

2231 1000 2376 1107 eret
2420 1012 2643 1092 petrus
2692 1003 2757 1069 in
2805 1003 3023 1072 medio

2230 1112 2391 1225 sorti
2434 1176 2625 1241 quem
2671 1175 2818 1222 enm
2861 1155 3034 1222 nidis

2232 1315 2334 1376 set
2378 1308 2622 1376 aneilla
2666 1306 2899 1393 quaede
2941 1328 3015 1375 se

2229 1460 2428 1527 dente
2474 1460 2559 1527 ad
2604 1460 2822 1527 lumen
2869 1465 2936 1525 et

2233 1621 2315 1678 esi
2362 1611 2596 1680 fuisset
2638 1610 2877 1677 intuita
2919 1609 3033 1676 dix

2231 1763 2283 1829 it
2326 1769 2394 1830 et
2438 1763 2545 1829 hie
2590 1772 2669 1830 οῦ
2715 1762 2832 1830 ino
2877 1768 3020 1828 erat

2232 1923 2302 1983 at
2345 1915 2459 1983 ille
2503 1913 2777 2001 negauit
2819 1914 2903 1981 eti
2946 1912 3178 1981 dieens

2234 2068 2467 2134 mulier
2509 2087 2641 2133 non
2686 2064 2841 2132 noui
2886 2063 3001 2130 illi·

2233 2220 2317 2286 Et
2358 2225 2510 2304 post
2554 2216 2797 2304 pusiilfi
2842 2215 3015 2282 alius

2231 2370 2466 2437 uidens
2512 2370 2594 2437 eti
2639 2368 2810 2473 dixit
2854 2375 2921 2436 et
2962 2376 3034 2434 tv

2232 2523 2315 2590 de
2361 2521 2494 2588 illis
2540 2524 2610 2588 e‘s
2657 2527 2879 2606 petrus
2922 2540 3005 2587 ue

2232 2695 2305 2739 ro
2355 2672 2450 2739 ait
2493 2693 2531 2740 ο
2574 2672 2770 2739 homo
2816 2692 2944 2739 non

2233 2845 2375 2893 sum
2421 2833 2488 2893 et
2529 2825 2879 2892 interuallo

2233 2978 2407 3045 facto
2452 2977 2640 3061 quasi
2683 2976 2861 3044 horae
2905 2995 2946 3041 u

2232 3130 2378 3197 nius
2424 3129 2593 3196 alius
2638 3127 2838 3213 quide
2882 3128 2967 3195 ad

2235 3283 2540 3350 firmabat
2583 3280 2810 3349 dieens
2849 3299 2932 3346 ue

2232 3456 2304 3502 re
2351 3443 2417 3501 et
2457 3433 2565 3499 hie
2610 3434 2689 3498 eii
2738 3431 2850 3496 ino
2895 3437 3040 3498 erat

2230 3592 2317 3653 1152
2361 3593 2427 3652 et
2471 3583 2771 3670 galilaeus
2817 3595 2918 3650 est
2962 3589 3029 3650 et

2237 3740 2333 3806 ait
2379 3745 2598 3823 petrus
2642 3736 2839 3802 homo
2884 3755 3001 3809 nes

2239 3893 2340 3959 oio
2385 3888 2541 3975 quid
2587 3887 2755 3955 dieis
2799 3894 2868 3955 et
2911 3908 3035 3955 eon

2238 4045 2418 4111 tinuo
2465 4040 2680 4109 adhue
2723 4039 2839 4105 illo
2883 4040 3124 4122 loqven

2238 4204 2303 4262 te
2347 4194 2562 4279 gallus
2606 4192 2899 4260 cantauit

2235 4348 2318 4413 Et
2363 4340 2714 4411 eonversiis
2759 4343 2882 4408 diis

2540 4494 2834 4582 respexit
