3634 5717
450 672 572 738 Fol
617 674 697 738 84

483 1479 561 1545 13

444 1564 618 1609 ιιι-130

443 1616 613 1761 inti}
648 1638 792 1696 tunt
835 1631 921 1697 ad
967 1633 1049 1698 eti
1096 1633 1346 1716 quosda
1389 1654 1474 1700 ex

464 1729 489 1761 ο
778 1734 785 1739 ,
1578 1728 1585 1737 .

470 3598 547 3661 15

468 4199 546 4262 16

651 880 720 941 et
761 875 1119 941 timuerunt
1162 877 1350 942 turba

651 1033 1100 1110 cog-nonerunt
1143 1039 1253 1093 eni
1299 1040 1425 1112 qve

651 1177 736 1242 ad
782 1197 894 1243 eos
939 1176 1201 1245 dixerat
1243 1179 1414 1245 hanc

652 1328 967 1412 parabola
1008 1336 1075 1395 et
1116 1330 1345 1397 relicto

650 1498 728 1545 eo
774 1479 1078 1547 abierunt
1120 1482 1203 1546 Et
1248 1482 1367 1547 mit

647 1781 992 1864 pharisaeis
1038 1792 1105 1850 et
1148 1784 1424 1852 herodia

647 1933 748 1999 nis
792 1940 863 1999 ut
907 1936 988 2000 εὖ
1035 1944 1348 2021 caperent
1391 1938 1458 2002 in

644 2085 843 2150 uerbo

644 2234 769 2313 Qui
814 2237 1154 2305 uenientes
1199 2239 1425 2307 dicvnt

647 2387 708 2452 ei
753 2389 1072 2472 magister
1115 2389 1356 2457 sciinus

643 2539 798 2621 quia
841 2560 1045 2606 uerax
1090 2561 1160 2607 es
1204 2549 1270 2607 et
1315 2564 1444 2608 non

641 2710 830 2763 curas
875 2704 1197 2775 qucquam
1240 2715 1362 2762 nec

642 2854 750 2907 eni
801 2843 1049 2929 accipis
1094 2846 1264 2912 facie
1311 2846 1485 2913 homi

642 2994 731 3057 υἷι
776 2995 895 3061 sed
940 2995 1007 3060 in
1055 2999 1333 3065 ueritate
1377 2999 1442 3065 ui

641 3166 747 3210 am
793 3145 861 3211 di
908 3147 1106 3214 doces
1152 3148 1260 3214 dic
1304 3169 1462 3234 ergo

640 3297 828 3364 nobis
871 3299 1029 3365 licet
1071 3299 1316 3365 tributa

641 3446 784 3513 dari
829 3451 1040 3516 cesari
1087 3472 1170 3516 an
1219 3471 1349 3516 non

634 3598 739 3664 ihs
783 3619 938 3666 uero
983 3603 1062 3666 cti
1112 3600 1388 3669 uidisset

635 3751 1053 3818 simulatione
1101 3755 1258 3819 eorfi
1303 3753 1400 3818 ait

637 3902 768 3969 illis
814 3903 970 4009 qaid
1017 3924 1119 3969 me
1162 3911 1414 3989 tempta

638 4053 722 4120 tis
768 4053 1020 4122 adferte
1066 4055 1226 4120 mihi
1271 4054 1355 4122 de

636 4205 825 4271 narisi
873 4213 942 4272 ut
984 4205 1182 4272 uidea
1225 4213 1296 4272 at
1338 4206 1437 4272 illi

637 4355 1008 4422 obtulerunt
1050 4357 1112 4422 ei
1154 4362 1221 4422 et
1263 4356 1360 4422 ait

634 4506 769 4571 illis
814 4507 996 4573 cuius
1038 4513 1140 4573 est
1182 4508 1324 4572 haec
1367 4507 1388 4572 i

634 4678 830 4741 mago
875 4667 942 4724 et
984 4658 1355 4744 super-scrip

803 4793 895 4857 tio
941 4791 1168 4859 dicunt
1204 4792 1305 4858 illi

1561 674 1748 740 Mrc
1796 677 1876 741 12

1802 879 1879 944 17

1796 2382 1875 2446 19

1974 877 2238 943 caesaris
2283 877 2688 963 respondens

1971 1034 2122 1094 aute
2167 1027 2273 1092 ihs
2301 1027 2485 1139 “dixit
2526 1029 2661 1096 illis
2704 1031 2822 1097 red

1970 1178 2109 1245 dite
2152 1200 2310 1264 ergo
2356 1200 2524 1263 quae
2567 1188 2721 1247 sunt

1972 1331 2237 1396 caesaris
2282 1330 2511 1397 caesari
2557 1338 2624 1399 et
2671 1353 2815 1416 quae

1972 1481 2041 1546 di
2086 1488 2238 1547 sunt
2281 1482 2366 1547 ᾱό
2411 1489 2478 1549 et
2521 1442 2819 1550 miraban

1965 1640 2069 1699 tur
2111 1653 2311 1718 super
2353 1635 2436 1700 eti
2478 1635 2563 1699 Et
2606 1654 2687 1700 ue

1967 1791 2203 1851 nerunt
2247 1784 2331 1851 ad
2377 1794 2461 1851 esi
2505 1784 2719 1851 saddu

1968 1936 2086 2001 caei
2131 1936 2240 2019 qui
2290 1935 2517 2002 dicunt
2559 1957 2689 2003 non
2728 1956 2801 2003 es

1965 2107 2037 2153 se
2082 2087 2555 2153 resurrectione
2600 2095 2667 2154 et

1968 2238 2540 2335 interrogauerupt
2579 2246 2660 2305 ei*

1963 2388 2257 2456 dicentes
2303 2389 2622 2472 magister

1965 2561 2225 2626 moyses
2270 2539 2536 2624 scripsit
2578 2560 2662 2605 no

1963 2692 2064 2758 bis
2109 2699 2180 2757 ut
2222 2691 2281 2758 si
2325 2693 2508 2758 cuius
2552 2693 2755 2760 frater

1962 2851 2249 2909 mortuus
2294 2844 2490 2911 fuerit
2532 2851 2600 2911 et
2643 2843 2710 2909 di

1959 2995 2213 3061 miserit
2257 3002 2459 3063 uxore
2506 3002 2572 3061 et
2616 2994 2659 3060 fi

1958 3146 2085 3213 lios
2130 3167 2260 3212 non
2305 3147 2645 3230 reliquerit

1958 3297 2244 3382 accipiat
2289 3298 2492 3364 frater
2536 3297 2677 3364 eius

1959 3459 2158 3514 uxore
2203 3448 2411 3533 ipsius
2459 3454 2526 3513 et
2568 3467 2751 3514 resvs

1958 3598 2116 3664 citet
2159 3617 2381 3664 semen
2426 3598 2614 3664 fratri

1781 3749 1868 3814 20
1953 3769 2071 3815 suo
2115 3755 2300 3847 septe
2346 3769 2504 3832 ergo
2552 3748 2655 3815 fra

1779 4511 1858 4575 21

1955 3907 2089 3967 tres
2135 3900 2395 3966 fuerunt
2437 3899 2613 3983 apud

1956 4070 2075 4116 nos
2122 4058 2186 4117 et
2230 4051 2477 4135 primus
2521 4070 2678 4117 acce

1958 4203 2056 4287 pit
2101 4213 2300 4270 uxore
2346 4209 2414 4269 et
2455 4208 2666 4267 mortu

1955 4374 2032 4420 us
2077 4360 2178 4420 est
2219 4374 2350 4419 non
2391 4352 2618 4419 relicto

1956 4505 2207 4572 semine
2254 4511 2320 4570 et
2363 4502 2685 4570 secundus

1956 4656 2214 4740 accepit
2258 4660 2337 4720 ea
2381 4661 2447 4720 et
2491 4660 2700 4719 mortu

1954 4810 2029 4857 us
2075 4797 2176 4856 est
2218 4796 2285 4854 et
2328 4808 2449 4853 nec
2488 4788 2635 4872 ipse

2867 677 2989 744 165
