3634 5717
334 643 450 709 5⁸01
501 644 622 711 113
1459 646 1551 711 Le
1595 642 1646 710 G
1692 644 1729 709 7

437 858 444 863 ·
500 841 625 927 qui.
655 851 964 911 uenturus
1010 864 1080 912 es
1125 866 1210 914 au
1257 844 1388 913 ali?

331 992 418 1057 20
502 1001 924 1078 expectamus
968 1004 1045 1064 c?
1090 997 1150 1063 h'
1193 997 1528 1066 uenissent
1684 996 1767 1065 25

502 1142 589 1210 ad
627 1155 710 1211 en
745 1147 869 1214 uiri
897 1148 1203 1215 dixerunt
1224 1148 1548 1217 iohannes

501 1294 796 1380 baptista
829 1298 1008 1366 misit
1040 1320 1158 1368 nos
1192 1299 1278 1368 ad
1312 1307 1378 1367 te
1401 1299 1548 1367 (lice

504 1453 748 1515 nstues
775 1449 886 1535 qvi
910 1456 1400 1520 uenturusesan
1413 1452 1546 1520 ali?

333 1596 411 1663 21
505 1606 927 1684 expectamus
976 1600 1042 1668 in
1088 1600 1238 1686 ipsa
1280 1602 1340 1669 h'
1384 1602 1549 1672 hora

502 1749 755 1818 curauit
808 1751 1046 1819 multos
1100 1773 1142 1818 a
1184 1753 1550 1838 languorib’
1684 1752 1769 1819 26

501 1907 570 1969 et
610 1901 830 1988 plagis
876 1909 944 1971 et
979 1902 1259 1990 spiritib'
1301 1902 1528 1970 inmun

500 2050 606 2119 dis
651 2062 718 2121 et
760 2054 977 2122 caecis
1017 2054 1239 2123 inultis
1277 2053 1454 2123 (lona

502 2202 602 2271 uit
640 2204 790 2272 uisu
811 2236 816 2241 ·
835 2212 903 2274 et
943 2206 1351 2292 respondens

2747 647 2875 716 223

1855 844 2224 912 harundine
2271 851 2466 912 uento
2513 866 2618 913 mo

1854 994 1993 1062 ueri
2037 998 2155 1065 sed
2200 996 2357 1082 quid
2403 997 2633 1064 existis
2677 996 2743 1064 ui

1854 1146 2010 1215 dere
2056 1147 2319 1215 homine
2365 1149 2545 1215 mclii

1853 1297 1911 1364 b'
1956 1299 2367 1367 uestimentis
2413 1299 2573 1366 indu

1854 1451 1926 1516 tfi
1965 1470 2117 1518 ecce
2160 1450 2272 1534 qui
2313 1451 2381 1517 in
2426 1459 2610 1519 ueste
2652 1453 2841 1537 praeti
2944 1471 2951 1479 ·

1855 1618 1973 1667 osa
2016 1600 2216 1666 «etin
2247 1601 2540 1669 deliciis»
2583 1610 2753 1670 sunt.
2800 1603 2869 1669 in

1857 1748 2097 1818 domib’
2139 1754 2305 1836 regu
2348 1761 2501 1820 sunt
2541 1753 2661 1822 sed

1854 1899 2011 1985 quid
2057 1902 2290 1971 existis
2335 1904 2568 1973 uidere

1853 2054 2177 2139 propheta
2217 2055 2375 2140 utiq'
2417 2054 2567 2123 dieo

1855 2202 2044 2271 uobis
2088 2212 2156 2273 et
2198 2204 2478 2291 plusqua
2519 2227 2639 2291 pro

501 2332 672 2423 dixit
706 2355 840 2424 illis
881 2357 972 2424 ite
1010 2357 1309 2447 nuntiate
1346 2356 1546 2424 iohan
1683 2359 1766 2426 27
1855 2354 2059 2440 pheta
2101 2354 2211 2423 hic
2252 2363 2356 2424 est
2394 2356 2478 2422 de
2523 2377 2649 2441 qvo
2736 2420 2741 2425 .

1649 2445 1694 2488 lo
1720 2444 1773 2488 70

1650 2496 1822 2642 m‘²i“
1854 2506 2104 2597 scriptu
2150 2513 2253 2575 est
2295 2527 2446 2575 ecee
2489 2509 2609 2574 mit

1651 2610 1722 2641 mr

504 2506 573 2572 ni
618 2527 761 2592 qvae
804 2506 1066 2576 uidistis
1111 2515 1178 2575 et
1216 2508 1495 2577 audistis

503 2657 642 2723 ceci
686 2656 914 2726 uident
959 2665 1027 2726 et
1068 2659 1287 2728 claudi
1330 2681 1438 2727 am

503 2809 732 2876 bulaut
773 2809 1016 2896 leprosi
1062 2810 1351 2879 muudan

508 2965 613 3027 tur
653 2960 836 3028 surdi
882 2962 1156 3031 audiunt
1199 2963 1436 3030 mol-tvi

508 3119 857 3198 resurgunt
899 3134 1226 3201 pauperes
1271 3133 1438 3182 evan

340 3259 424 3325 23
508 3264 874 3346 gelizantur
912 3271 980 3333 et
1021 3266 1252 3334 beatus

513 3419 615 3480 est
654 3417 909 3502 quicflq’
952 3438 1081 3484 non
1129 3419 1325 3485 fuerit

342 3562 426 3628 24
508 3565 994 3636 scandalizatus
1035 3569 1104 3634 in
1152 3589 1256 3637 me
1299 3577 1366 3636 et

512 3704 672 3783 cum'
701 3717 1160 3787 discessissent
1202 3741 1334 3788 nun

511 3865 589 3933 tii
627 3832 934 3938 iohannis
979 3871 1198 3956 coepit
1239 3869 1387 3939 dice

515 4041 584 4087 re
629 4020 712 4088 de
757 4022 1042 4089 iohanne
1067 4022 1175 4095 ,ad
1219 4021 1442 4090 turbas

514 4171 671 4252 quid
696 4174 928 4240 existis
949 4176 1017 4240 in
1042 4174 1301 4241 deserto
1330 4172 1559 4239 uidere

1853 2664 1922 2724 to
1967 2658 2211 2744 angelii
2259 2669 2408 2725 meu
2453 2667 2607 2727 ante

1855 2809 2026 2899 facie
2070 2814 2184 2878 tui
2226 2810 2336 2895 qui
2382 2776 2687 2896 priepara

1684 2971 1767 3036 28
1852 2960 1951 3028 uit
1992 2960 2105 3028 uia
2146 2966 2259 3027 tua
2306 2960 2456 3065 dico
2500 2968 2651 3028 aute

1653 3054 1828 3201 ἰξοῦ
1859 3111 2050 3178 uobis
2095 3112 2305 3178 maior
2349 3111 2520 3179 inter
2566 3133 2653 3180 na

1859 3268 1961 3328 tos
2005 3262 2281 3330 mulierfi
2327 3263 2578 3348 prophe

1861 3418 1933 3480 ta
1973 3412 2261 3481 iohanne
2308 3372 2605 3498 haptista

1864 3582 2055 3629 nemo
2100 3570 2201 3629 est
2244 3564 2355 3649 qui
2398 3571 2549 3632 aute

1863 3714 2074 3782 minor
2117 3723 2218 3781 est
2259 3716 2327 3780 in
2372 3735 2577 3798 regno

1688 3881 1774 3946 29
1862 3866 1933 3931 di
1978 3864 2188 3933 maior
2230 3873 2331 3931 est
2373 3866 2488 3931 illo
2534 3872 2600 3932 et

1657 3966 1702 4009 lc
1727 3965 1781 4010 ⁷2

1707 4016 1775 4112 {21
1865 4018 2076 4085 omnis

2120 4018 2402 4103 popvlus
2447 4016 2722 4084 audiens

1865 4176 1930 4234 et
1972 4169 2304 4253 publicani
2350 4171 2501 4236 iusti
