3634 5717
415 689 539 757 Fol
587 691 710 759 132

1541 695 1730 763 LcC
1779 696 1860 762 16

624 891 1026 960 nilicationis
1073 898 1225 962 tuae
1269 893 1400 962 iam
1446 908 1554 964 eni

486 1046 529 1110 3
616 1064 750 1111 non
792 1045 1044 1130 poteris
1086 1045 1363 1114 nilicare
1406 1046 1504 1114 ait

618 1202 839 1265 antem
882 1196 1118 1267 uilicus
1164 1197 1339 1267 intra
1381 1218 1454 1267 se

618 1349 776 1435 quid
821 1349 999 1417 facia
1040 1349 1198 1434 qnia
1240 1350 1544 1419 dominus

618 1521 800 1570 mens
845 1502 1060 1570 aufert
1103 1523 1146 1570 a
1184 1521 1290 1571 me
1332 1502 1534 1571 nilica

617 1653 796 1721 tione
838 1653 1065 1721 fodere
1108 1673 1238 1721 non
1283 1655 1476 1722 naleo

620 1805 997 1874 mendicare
1038 1805 1351 1874 erubesco

616 1958 755 2027 scio
798 1956 958 2043 qnid
1000 1957 1239 2026 faciam
1286 1963 1357 2025 nt
1399 1959 1481 2025 cfi

617 2117 873 2178 amotus
916 2109 1100 2177 fuero
1144 2131 1187 2178 a
1220 2109 1424 2178 nilica

617 2263 797 2331 tione
840 2261 1174 2347 recipiant*
1209 2283 1315 2330 me
1358 2262 1427 2329 in

479 2415 523 2480 5
608 2413 838 2482 domos
881 2374 1036 2482 suas
1081 2435 1374 2483 connoca

609 2566 694 2633 tis
738 2566 894 2652 itaq'
931 2564 1216 2653 singulis
1259 2565 1482 2636 debito

608 2719 727 2786 rib'
776 2717 1028 2786 domini
1072 2719 1174 2787 sni
1220 2717 1483 2787 dicebat

608 2872 820 2958 primo
865 2872 1112 2956 qnantfi
1158 2870 1360 2939 debes

605 3024 873 3091 domino
916 3043 1064 3092 meo
1108 3029 1179 3091 at
1215 3022 1333 3091 ille
1374 3022 1491 3090 dix

604 3175 658 3243 it
699 3181 896 3243 centn
938 3175 1141 3243 cados
1184 3175 1317 3243 olei
1360 3174 1476 3242 dix

603 3329 716 3413 itq'
759 3327 861 3395 illi
904 3328 1133 3413 accipe
1176 3327 1481 3396 cautione

603 3487 783 3548 tuam
827 3486 895 3548 et
937 3479 1098 3548 sede
1141 3480 1272 3547 cito
1318 3480 1447 3548 scri

1806 1345 1850 1409 9

1768 2110 1851 2175 10

1761 2876 1837 2941 11

1758 3334 1839 3398 12

2837 701 2960 768 261

1942 898 2301 982 prudenter
2338 899 2609 967 fecisset
2652 900 2809 982 quia

1936 1048 2061 1116 filii
2103 1049 2295 1117 huius
2342 1050 2567 1117 saeculi
2606 1051 2861 1136 prnden

1937 1201 2140 1269 tiores
2183 1201 2342 1270 filiis
2384 1201 2550 1270 lucis
2591 1203 2661 1270 in
2706 1224 2878 1289 gene

1939 1351 2195 1422 ratione
2240 1374 2364 1423 sna
2407 1362 2561 1423 sunt
2602 1362 2671 1422 et
2714 1375 2842 1441 ego

1938 1502 2088 1572 dico
2134 1506 2322 1573 uobis
2366 1506 2569 1574 facite
2610 1507 2801 1574 nobis

1939 1655 2187 1725 amicos
2231 1657 2317 1727 de
2360 1678 2734 1754 mammona
2779 1659 2847 1726 in
2947 1754 2949 1757 ι

1940 1808 2237 1893 iquitatis
2275 1816 2349 1877 nt
2390 1819 2472 1909 ep
2516 1809 2806 1880 defeceri

1938 1958 2024 2026 tis
2072 1960 2399 2046 recipiant
2439 1982 2558 2030 nos
2604 1963 2673 2031 in
2718 1972 2902 2032 aeter

1935 2133 2023 2179 na
2065 2113 2493 2181 tabernacula
2536 2114 2648 2198 qui
2690 2115 2824 2184 fide

1933 2264 2018 2331 lis
2061 2272 2163 2332 est
2205 2264 2273 2331 in
2318 2264 2589 2333 minimo
2635 2273 2702 2333 et
2740 2268 2808 2333 in

1931 2416 2166 2484 maiori
2210 2416 2427 2485 fidelis
2471 2424 2574 2485 est
2611 2424 2678 2485 et
2720 2419 2833 2504 qni

1930 2567 2001 2635 in
2044 2567 2302 2637 medico
2347 2569 2611 2655 iniquus
2655 2538 2793 2638 est*

1932 2727 2000 2788 et
2042 2719 2111 2787 in
2155 2720 2391 2789 maiori
2435 2721 2696 2807 iniquus
2740 2729 2840 2789 est

1928 2873 1988 2941 si
2033 2893 2195 2960 ergo
2236 2873 2305 2939 in
2352 2872 2578 2958 iniquo
2623 2885 2839 2943 memo

1930 3047 2019 3093 na
2059 3024 2291 3095 fideles
2338 3045 2470 3092 non
2515 3025 2732 3093 fuistis

1927 3177 2104 3263 quod
2146 3185 2371 3245 uestra
2414 3182 2517 3245 est
2558 3177 2705 3262 quis

1924 3329 2134 3397 credit
2169 3329 2358 3397 nobis
2403 3336 2471 3396 et
2512 3329 2572 3396 si
2616 3328 2683 3395 in
2729 3329 2861 3399 alie

1926 3500 2010 3548 no
2054 3479 2287 3548 fideles
2330 3500 2462 3548 non
2504 3479 2720 3548 fuistis

476 3633 513 3697 7
602 3633 684 3701 be
727 3630 1209 3717 qninquaginta
1246 3630 1489 3700 deinde
1924 3631 2099 3716 qnod
2142 3633 2368 3699 nesti-ii
2414 3636 2515 3698 est
2559 3631 2704 3716 quis

598 3784 732 3852 alio
777 3783 948 3851 dixit
989 3790 1060 3851 tu
1103 3804 1260 3852 uero
1305 3803 1477 3869 quan
1749 3794 1831 3861 13
1921 3783 2109 3851 dabit
2146 3783 2335 3851 nobis
2378 3783 2589 3850 Nemo
2632 3802 2740 3850 ser

597 3945 670 4004 tn
714 3937 917 4004 debes
960 3936 1073 4021 qni
1110 3935 1207 4004 ait
1248 3939 1444 4005 centn
1714 3879 1859 4027 {55⁵⁹}
1924 3957 2043 4004 uns
2089 3941 2309 4022 potest
2347 3934 2537 4002 dnob'
2577 3934 2754 4002 domi

1715 4038 1786 4079 m
1808 4035 1864 4078 ⁴⁹
1922 4088 2026 4156 nis
2070 4088 2320 4157 seruire
2366 4092 2478 4155 ant
2518 4097 2627 4153 eni
2672 4089 2806 4153 unfi

597 4089 832 4157 choros
873 4087 1075 4156 tritici
1120 4088 1216 4156 ait
1256 4088 1358 4156 illi
1403 4111 1484 4157 ac

1920 4240 2101 4309 odiet
2143 4249 2211 4309 et
2254 4242 2468 4309 alterii
2511 4239 2734 4325 diligit
2779 4245 2893 4306 avt

1919 4394 2031 4461 nni
2074 4393 2420 4462 adherebit
2461 4400 2529 4460 et
2570 4393 2783 4460 altere

1917 4552 2339 4631 contempnet
2380 4566 2510 4612 non
2555 4550 2744 4630 potes

598 4242 747 4328 cipe
787 4242 1044 4309 litteras
1089 4246 1236 4309 tuas
1281 4248 1348 4309 et

596 4394 809 4462 scribe
853 4393 1195 4479 octoginta
1229 4400 1297 4461 et

595 4545 896 4615 laudauit
937 4544 1062 4613 dns
1104 4543 1309 4613 nilicfi
1350 4545 1446 4611 ini

597 4697 867 4785 quitatis
910 4697 1068 4783 qnia
2083 4696 2171 4764 tis
2215 4697 2302 4765 de
2346 4695 2597 4765 seruire
