3634 5717
679 667 804 732 164

1598 669 1748 730 cata
1789 661 1891 727 Mr
1933 661 1984 727 O
2033 665 2108 730 ll
2161 663 2240 727 12

880 871 1207 951 potestate
1250 866 1392 932 haec
1432 865 1672 932 faciam

675 1021 833 1087 012
880 1019 961 1083 Et
1004 1017 1223 1102 coepit
1264 1016 1400 1082 illis
1446 1017 1513 1081 in
1560 1037 1649 1101 pa

673 1156 814 1201 Br37

674 1210 846 1253 mrflffl

672 1262 840 1355 unam

882 1171 1126 1237 rabolis
1168 1170 1351 1255 loqvi
1393 1169 1587 1235 homo
1635 1167 1744 1250 qui

671 1362 717 1406 ιο
742 1364 819 1407 212
878 1323 967 1388 da
1010 1322 1372 1408 pastinauit
1413 1322 1675 1386 niueam

736 2682 777 2746 3

878 1481 944 1540 et
988 1493 1148 1558 sepe
1191 1471 1558 1539 cirefidedit

875 1631 943 1692 et
985 1624 1152 1690 fodit
1191 1624 1343 1690 laesi
1382 1628 1449 1689 et
1490 1620 1619 1687 sedi

876 1775 1099 1840 ficauit
1141 1782 1316 1841 turre
1362 1781 1428 1839 et
1470 1773 1536 1839 lo

875 1925 1051 1990 cauit
1095 1930 1176 1991 ea
1216 1924 1466 1992 colonis
1511 1931 1578 1989 et

877 2094 1153 2161 peregre
1199 2076 1528 2160 profectus

873 2233 975 2293 est
1018 2234 1083 2293 et
1128 2227 1306 2294 misit
1348 2227 1437 2293 ad
1479 2227 1623 2293 colo

873 2399 992 2446 nos
1038 2380 1105 2445 in
1153 2386 1382 2464 tepore
1426 2388 1622 2444 serufi

874 2538 943 2598 ut
984 2530 1269 2611 daren[t]
1315 2531 1412 2595 illi
1457 2530 1540 2597 de
1587 2531 1726 2597 fruc

871 2690 942 2749 tu
984 2683 1197 2750 uineae
1244 2683 1354 2767 qui
1399 2681 1756 2766 adpraehen

874 2840 948 2898 sir
997 2853 1143 2899 eum
1191 2833 1570 2900 ceciderunt

877 2990 944 3050 et
984 2982 1375 3050 dimiserunt
1416 3004 1583 3051 uacu

876 3155 982 3200 um
1028 3136 1201 3201 iterfi
1245 3135 1425 3202 misit
1468 3134 1553 3200 ad
1600 3136 1646 3199 il

876 3287 976 3353 los
1022 3286 1157 3352 alifi
1203 3306 1461 3352 seruum
1507 3292 1574 3352 et

879 3436 1029 3521 ipsfi
1075 3437 1294 3521 capite
1339 3438 1613 3533 uulnera

878 3596 1110 3654 uerunt
1154 3595 1219 3654 et
1263 3597 1564 3656 contume

872 3738 981 3805 liis
1028 3738 1390 3807 adficerunt
1430 3747 1501 3807 at

873 3893 1063 3957 rvrsfi
1108 3891 1243 3957 alifi
1291 3891 1469 3957 misit
1513 3900 1577 3958 et
1621 3893 1668 3958 il

875 4042 1006 4107 lum
1050 4042 1426 4108 occiderunt
1470 4049 1537 4111 et
1581 4045 1668 4110 ali

876 4212 949 4258 os
995 4193 1212 4277 plures
1258 4200 1325 4258 et
1368 4214 1450 4259 ex
1489 4194 1585 4261 eis
1630 4215 1793 4279 quos

875 4342 962 4408 da
1004 4342 1399 4411 caeciderunt
1442 4347 1692 4429 quosda

882 4515 1032 4560 uero
1079 4495 1459 4563 occiderunt
1502 4498 1691 4564 nouis

874 4645 1040 4711 sime
1084 4654 1235 4713 aute

2201 863 2380 929 misit
2423 862 2626 929 filium
2672 882 2858 928 suum

2200 1036 2390 1098 qvem
2437 1014 2723 1080 habebat
2767 1013 2963 1079 unicfl

2200 1167 2636 1234 dilectissimi
2695 1165 2910 1231 licens

2201 1320 2669 1388 reuerebuntur
2699 1317 2808 1389 *fili

2069 1476 2106 1538 7
2193 1483 2240 1537 fl
2285 1491 2501 1538 meum
2545 1468 2761 1536 coloni
2808 1474 2960 1534 aute

2993 980 3028 995 Q

2198 1625 2505 1691 dixerunt
2549 1621 2638 1688 ad
2682 1619 2898 1685 inuice
3007 1628 3014 1637 '

2197 1777 2306 1841 hic
2349 1781 2450 1843 est
2491 1774 2681 1838 heres
2726 1770 2948 1837 uenite

2104 1934 2110 1939 ’
2198 1925 2571 1992 occidamus
2615 1932 2698 1990 οὐ
2742 1930 2809 1988 et
2852 1942 2972 1988 nos

2198 2086 2302 2144 tra
2345 2077 2469 2142 erit
2505 2074 2840 2142 hereditas

2067 2220 2106 2284 8
2197 2236 2280 2315 et*
2305 2225 2879 2313 adprehendentes

2197 2381 2281 2447 οὗ
2324 2378 2702 2446 occiderunt
2746 2384 2813 2469 et
2856 2396 2894 2442 e

2198 2532 2492 2599 iecerunt
2536 2538 2724 2597 extra
2767 2530 2833 2595 ui

2069 2678 2111 2742 9
2199 2693 2325 2748 nea
2369 2681 2521 2765 quid
2575 2702 2734 2764 e··go
2782 2680 2910 2746 saci

2197 2841 2263 2900 et
2307 2832 2431 2898 dfis
2477 2833 2690 2899 uineae
2731 2833 2953 2899 ueniet

2197 2993 2263 3052 et
2307 2983 2539 3068 perdet
2583 2984 2851 3050 colonos

2199 3138 2349 3203 illos
2393 3145 2459 3203 et
2501 3135 2688 3202 dabit
2731 3135 2927 3201 uinea

2029 3286 2110 3351 10
2196 3289 2348 3354 aliis
2393 3309 2515 3355 nec
2558 3287 2881 3371 scriptura

2198 3441 2371 3506 hanc
2413 3439 2672 3523 legistis
2718 3438 2941 3524 lapide

2199 3601 2322 3673 qve
2367 3591 2882 3674 reprobauerunt

2164 3707 2601 3809 ⁸aedificantes
2645 3741 2754 3808 hic
2797 3742 2903 3807 fac

2200 3900 2302 3958 tus
2348 3901 2450 3959 est
2491 3894 2559 3958 in
2606 3901 2804 3977 caput
2847 3915 2931 3961 an

2031 4036 2101 4097 ll
2197 4045 2337 4129 gvli
2383 4066 2424 4110 a
2469 4045 2601 4110 dfio
2647 4046 2828 4112 facti]
2868 4054 2969 4111 est

2198 4196 2371 4263 istud
2418 4205 2484 4262 et
2528 4205 2628 4265 est
2672 4197 2906 4263 mirabi

2031 4400 2105 4460 12
2197 4348 2259 4413 le
2303 4348 2371 4412 in
2419 4349 2662 4415 occulis
2706 4349 2946 4415 nostris

1990 4482 2166 4576 '¹¹51OE
2197 4499 2281 4565 Et
2326 4500 2617 4583 q'rebant
2662 4511 2745 4567 esi
2790 4508 2854 4566 te

1991 4583 2163 4676 3:⁸2&

1993 4684 2114 4729 m78

2363 4670 2520 4716 Πθῐθ

2978 4650 3042 4713 Χ
