3634 5717
790 671 918 736 274
1843 674 1936 738 Lo
1979 671 2030 738 C
2079 672 2157 739 19
2200 672 2288 738 20

997 875 1064 940 in
1111 874 1356 959 templo
1403 875 1735 959 principes
1781 880 1931 941 ante
2319 875 2489 941 inter
2535 894 2606 941 se
2655 872 2951 940 dicentes
2996 873 3157 956 quia

802 1010 805 1017 ⁴
890 1026 902 1035 ’
997 1026 1406 1093 sacerdotum
1455 1033 1520 1092 et
1564 1026 1796 1093 scribae
2317 1026 2373 1091 si
2418 1024 2778 1093 dixerimus
2825 1025 2909 1092 de
2953 1025 3115 1092 caelo
3161 1025 3231 1091 di

998 1186 1060 1244 et
1108 1177 1439 1263 principes
1485 1177 1697 1262 plebis
1741 1197 1888 1262 qnae
1992 1212 1996 1216 Δ
2317 1183 2423 1244 cet
2464 1176 2655 1243 nobis
2695 1172 2898 1260 quare
2941 1197 3101 1262 ergo

825 1331 910 1397 48
997 1282 1229 1396 rebant
1261 1329 1444 1396 illum
1475 1329 1750 1413 perdere
1787 1335 1854 1396 et
1882 1350 2012 1395 non
2320 1349 2451 1394 non
2498 1326 2874 1394 credidistis
2920 1329 3018 1394 illi

998 1481 1425 1548 inueniebant
1468 1478 1625 1563 quid
1670 1482 1815 1548 face
2189 1483 2230 1545 6
2317 1479 2374 1544 si
2420 1485 2571 1546 aute
2618 1478 2978 1546 dixerimus
3022 1500 3102 1546 ex

998 1628 1143 1699 rent
1187 1631 1285 1696 illi
1332 1631 1542 1697 omnis
1588 1630 1762 1697 enim
1805 1650 1891 1714 po
2319 1631 2630 1697 bominib'
2667 1631 2853 1717 plebs
2899 1632 3128 1698 nniuer

999 1785 1190 1868 pnlns
1234 1801 1589 1867 suspensus
1634 1790 1778 1850 erat
2319 1800 2398 1848 sa
2438 1783 2767 1869 lapidabit
2810 1802 2931 1852 nos
2975 1783 3134 1853 certi

1000 1933 1275 2001 audiens
1319 1933 1500 1999 illum
2218 2014 2230 2031 ἱ
2321 1942 2473 2000 sunt
2518 1935 2693 2000 enim
2737 1935 3089 2003 iohannem

792 2074 958 2206 {³12⁰
999 2084 1086 2153 Et
1129 2086 1368 2153 factum
1413 2091 1516 2151 est
1559 2084 1626 2149 in
1665 2103 1799 2149 una
2192 2091 2227 2153 7
2322 2086 2647 2171 propheta
2692 2105 2838 2153 esse
2881 2084 3061 2154 et're

792 2211 969 2359 ἓξὲξ)
1003 2239 1190 2306 ᾱίθτῡ
1237 2237 1512 2304 docente
1554 2236 1669 2302 illo
1712 2257 1797 2321 po
1998 2238 2003 2243 ’
2322 2236 2729 2322 spondemnt
2770 2256 2843 2304 se
2887 2259 3004 2306 nes

794 2366 968 2410 πω
1001 2389 1224 2475 pulum
1271 2388 1632 2473 intemplo,
1673 2394 1739 2455 et
1783 2408 1950 2454 enan
2191 2380 2231 2444 8
2321 2388 2455 2456 cire
2499 2387 2673 2456 unde
2719 2398 2896 2456 esset
2938 2386 3005 2458 et

996 2540 1322 2625 gelizante
1367 2547 1433 2607 et
1478 2559 1768 2607 connene
2322 2540 2426 2605 ihs
2470 2540 2566 2605 ait
2609 2540 2742 2607 illis
2790 2538 2951 2626 neq''
2973 2563 3101 2629 ego
3148 2542 3218 2610 di

994 2700 1146 2761 runt
1188 2691 1524 2779 principes
1567 2668 1756 2759 sacer
2285 2733 2290 2737 -
2323 2711 2398 2757 co
2443 2690 2630 2758 uobis
2678 2691 2743 2757 in
2792 2713 2918 2777 qna
2958 2701 3148 2779 potes

1003 2845 1161 2911 dotn
1208 2850 1273 2910 et
1316 2843 1571 2910 scribae
1610 2861 1755 2908 cnm
2323 2847 2461 2909 tate
2504 2841 2670 2910 haec
2713 2841 2903 2912 facio.

870 2993 912 3057 2
999 2993 1304 3061 seniorib'
1349 2999 1414 3060 et
1458 2991 1641 3060 aiunt
1685 2992 1877 3061 dicen
2198 2991 2239 3055 9
2327 2990 2564 3078 Coepit
2606 2990 2757 3062 aute
2804 2992 3023 3063 dicere

1001 3153 1101 3214 tes
1147 3145 1233 3214 ad
1277 3145 1399 3212 illfi
1445 3143 1552 3211 dic
1595 3142 1785 3211 nobis
1832 3144 1899 3209 in
2117 3074 2264 3222 {35²2OE²51
2326 3145 2410 3212 ad
2456 3146 2649 3230 plebe
2680 3148 3111 3236 parabolam.

1004 3292 1146 3382 qna‘
1175 3292 1502 3383 potestate
1546 3294 1710 3364 haec
1753 3295 1824 3363 fa
2118 3229 2290 3325 ἓξὲξ
2324 3296 2496 3364 hanc
2537 3297 2734 3366 honio
2779 3299 3109 3384 plantanit

1007 3449 1102 3516 cis
1148 3456 1261 3516 aut
1304 3448 1449 3534 quis
1494 3453 1595 3519 est
1638 3447 1749 3533 qni
1793 3447 1878 3516 de
2322 3445 2587 3514 uincam
2630 3457 2696 3515 et
2743 3450 2986 3519 locauit
3029 3462 3109 3517 ea

1006 3600 1105 3667 dit
1147 3601 1269 3667 tibi
1310 3599 1483 3668 hanc
1524 3605 1852 3686 potestate
2326 3597 2576 3666 colonis
2624 3607 2689 3667 et
2732 3601 2876 3687 ipse
2915 3622 3072 3688 pere

879 3750 920 3814 3
1005 3750 1437 3838 Respondens
1481 3757 1632 3818 aute
1679 3750 1795 3817 dix
2329 3769 2445 3833 gre
2489 3751 2612 3818 fnit
2656 3753 2877 3820 multis
2920 3704 3149 3841 {empo'

1009 3904 1076 4005 it·
1105 3902 1191 3970 ad
1233 3902 1384 3969 illos
1430 3901 1851 3987 interrogabo
2158 3899 2240 3965 10
2324 3900 2443 3966 rib'
2489 3911 2554 3969 et
2599 3904 2664 3969 in
2712 3912 3006 3991 tempore
3048 3896 3140 3972 ini

1009 4072 1128 4122 uos
1173 4059 1239 4119 et
1282 4052 1409 4137 ego
1451 4054 1586 4119 unfl
1628 4054 1833 4120 uerbfi
2330 4054 2419 4120 sit
2458 4052 2546 4121 ad
2590 4057 2868 4125 cultores
2913 4059 3106 4126 sertui

879 4212 923 4274 4
1007 4202 1389 4288 respondite
1432 4202 1593 4269 mihi
1638 4203 1766 4289 bap
2330 4211 2401 4270 nt
2442 4206 2526 4272 de
2572 4206 2784 4276 fructi
2829 4210 3065 4277 uineae

1011 4355 1211 4422 tismfi
1255 4354 1562 4422 iohannis
1606 4353 1690 4420 de
1734 4376 1828 4422 cae
2331 4358 2566 4427 darent
2610 4359 2708 4426 illi
2755 4361 2865 4445 qni
2910 4381 3128 4428 cesum

1012 4507 1077 4572 lo
1124 4504 1267 4574 erat
1307 4525 1392 4573 an
1439 4525 1522 4572 ex
1564 4506 1876 4574 hominib'
1955 4519 1967 4531 ·
2036 4532 2063 4560 κ
2331 4511 2718 4580 dimiserunt
2763 4513 2843 4579 efi
2890 4511 3088 4579 inane

881 4664 923 4726 5
1181 4665 1251 4723 at
1294 4657 1392 4723 ini
1439 4659 1822 4743 cogitabant
2499 4662 2718 4729 XVIII
2914 4664 2921 4669 ’
2976 4665 3009 4729 s
