3634 5717
719 692 764 755 4

720 898 788 960 et
819 901 1039 962 custus
1070 895 1243 982 legis
1276 896 1394 964 dfii
1416 898 1619 985 liguis
1652 899 1942 967 mobilib’

719 994 982 1063 uehitur
1023 998 1272 1084 primus
1317 1001 1606 1090 omnium
1637 1000 1940 1070 matheus

620 1189 627 1194 ·
687 1105 821 1165 est
863 1098 1253 1184 publicanus
1296 1110 1732 1189 cognomento
1774 1104 1910 1171 leui

719 1202 826 1285 qui
874 1204 1294 1290 euangelium
1339 1204 1406 1271 in
1453 1204 1653 1273 iudea
1693 1205 1938 1274 hebreo

717 1323 1018 1373 sermone
1038 1304 1253 1396 edicfit
1280 1308 1366 1374 ab
1387 1326 1611 1375 eorum
1627 1308 1733 1374 uel
1758 1308 1937 1375 maxi

716 1427 822 1475 me
843 1426 1111 1475 causam
1135 1408 1247 1492 qui
1272 1408 1342 1475 in
1375 1408 1491 1475 ihu
1517 1408 1938 1477 crediderant

716 1529 801 1576 ex
843 1507 1076 1576 iudaeis
1117 1516 1185 1577 et
1228 1510 1698 1596 necquicquam
1742 1511 1915 1597 legis

714 1611 947 1682 umbra
987 1610 1380 1680 succedente
1417 1611 1752 1697 euangelii
1794 1612 1938 1679 ueri

715 1719 920 1780 tatem
962 1714 1321 1782 seruabant
1361 1713 1686 1780 secundus

714 1835 973 1883 marcus
1018 1814 1364 1901 interpraes
1409 1815 1695 1900 apostoli
1735 1836 1823 1902 pe

716 1915 801 1983 tri
838 1922 906 1984 et
946 1916 1403 1984 alexandrina)
1443 1917 1785 1985 aecclesiae

716 2017 965 2103 primus
1008 2017 1358 2105 episcopus
1402 2018 1514 2104 qui
1558 2017 1716 2086 dnm
1759 2020 1870 2104 qui

715 2118 867 2186 dem
909 2120 1308 2188 saluatorem
1351 2120 1499 2207 ipse
1544 2141 1674 2187 non
1720 2120 1893 2188 uidit

713 2220 834 2290 sed
877 2242 960 2291 ea
1002 2242 1149 2307 quae
1189 2222 1577 2308 magistrum
1621 2222 1820 2290 audie

713 2331 819 2392 rat
859 2325 1329 2411 praedioantem
1375 2325 1617 2411 iustam
1662 2323 1861 2392 fidem

714 2426 927 2513 magis
971 2435 1306 2514 gestorum
1351 2426 1647 2496 narrauit

713 2547 909 2612 quam
953 2530 1250 2598 ordinem
1296 2529 1561 2597 Tertius
1603 2530 1786 2595 lucas

712 2630 1007 2698 medicus
1050 2630 1321 2698 natione
1363 2651 1556 2716 syrus

712 2731 1175 2799 antheoeensis
1217 2732 1401 2800 cuius
1449 2733 1595 2799 laus
1649 2730 1717 2796 in
1761 2749 1933 2798 euan

712 2832 892 2918 gelio
930 2833 1042 2918 qui
1087 2841 1156 2901 et
1198 2833 1344 2920 ipse
1373 2832 1736 2919 discipulus
1766 2825 1932 2918 apos

711 2933 832 3001 toli
873 2935 1058 3020 pauli
1102 2934 1171 3002 in
1216 2933 1492 3003 achaiae
1533 2932 1822 3001 boethiae

712 3036 772 3121 q'
811 3032 1111 3123 partibus
1152 3037 1459 3105 uolumen
1504 3034 1803 3104 condidit

711 3137 1013 3223 quadam
1056 3138 1255 3206 altius
1299 3145 1605 3225 repetens
1650 3144 1719 3206 et

709 3248 781 3308 ut
823 3241 970 3327 ipse
1015 3240 1084 3307 in
1127 3241 1470 3327 prohemio
1510 3238 1749 3307 confite

707 3349 815 3410 tur
856 3342 1088 3410 audita
1130 3341 1347 3428 magis
1390 3362 1585 3428 quam
1627 3340 1776 3408 uisa

708 3442 1090 3512 describens
1130 3444 1396 3511 ultimus
1439 3442 1747 3511 iohannis

708 3546 1049 3632 apostolus
1092 3553 1161 3616 ct
1203 3546 1619 3633 euangelista
1662 3550 1787 3630 que

708 3648 813 3714 ihs
856 3650 1107 3717 amauit
1147 3648 1498 3735 plurimum
1541 3646 1654 3734 qui
1697 3665 1774 3714 su

707 3772 827 3838 per
870 3760 1098 3838 pectus
1142 3751 1260 3820 dni
1302 3752 1685 3819 recumbens

706 3853 1061 3938 purissima
1102 3852 1545 3922 doctrinarum
1587 3851 1676 3919 flu

707 3962 866 4023 enta
908 3955 1166 4042 potauit
1207 3960 1275 4022 et
1316 3953 1425 4040 qui
1469 3953 1653 4021 solus
1695 3951 1781 4018 de
1843 3996 1856 4007 -

707 4076 897 4126 cruce
941 4057 1178 4125 meruit
1220 4055 1451 4124 audire
1494 4074 1648 4122 ecce

705 4167 916 4227 mater
957 4158 1174 4240 tuaffis
1214 4177 1361 4226 cum
1406 4163 1583 4224 esset
1624 4156 1692 4223 iu
1738 4156 1886 4224 asia

704 4266 773 4327 et
814 4259 948 4328 iam
991 4267 1149 4329 tunc
1187 4258 1621 4328 hereticorum
1666 4277 1741 4325 se

703 4362 887 4430 mina
927 4362 1330 4449 pullularent
1374 4359 1698 4428 cherinthi

702 4471 770 4532 et
811 4459 1116 4533 hebionis
1159 4470 1227 4532 et
1269 4470 1627 4531 ceterorum
1673 4462 1784 4548 qui

700 4573 952 4654 negant
992 4574 1147 4651 xpm
1188 4565 1259 4632 iu
1303 4584 1501 4632 carne
1543 4564 1808 4632 uenisse

700 4688 864 4753 quos
907 4676 978 4735 et
1016 4669 1165 4753 ipsc
1206 4667 1278 4734 in
1320 4665 1607 4752 epistola
1639 4684 1764 4734 sua

2045 904 2369 984 antexfios
2412 906 2609 967 uocat
2653 907 2722 967 et
2765 900 3103 986 apostolus

2043 1001 2279 1087 paulus
2323 1002 2698 1086 frequenter
2735 1002 3020 1089 percutit

2042 1111 2307 1171 coaetus
2351 1111 2453 1171 est
2495 1104 2580 1172 ab
2623 1104 2925 1171 omnibus
2964 1123 3137 1190 pene

2041 1212 2197 1272 tunc
2239 1204 2424 1272 asiae
2469 1204 2801 1292 episcopis
2845 1212 2924 1292 *et
2979 1205 3264 1274 multarfi

2040 1306 2464 1373 ecclesiarum
2504 1307 2946 1393 legationibus
2979 1306 3285 1376 diuinita

2038 1413 2173 1475 tem
2216 1408 2567 1476 saluatoris
2611 1409 2809 1476 altius
2852 1409 3137 1478 scribere

2039 1515 2106 1576 et
2127 1509 2213 1577 ab
2236 1509 2454 1595 ipsum
2479 1517 2551 1577 ut
2565 1509 2663 1577 ita
2673 1509 2890 1578 dicam
2907 1511 2977 1578 di
2989 1512 3261 1580 uerbum

2039 1631 2173 1677 non
2202 1617 2339 1678 tam
2377 1611 2616 1679 audaci
2649 1631 2845 1697 quam
2869 1612 3050 1680 felici
3087 1621 3262 1681 teme

2038 1712 2234 1780 ritate
2276 1732 2701 1800 prorumpere
2742 1720 2817 1780 ut
2857 1715 3174 1783 ecclesias

2036 1814 2173 1882 tica
2215 1821 2444 1881 narrat
2484 1814 2765 1883 historia
2794 1834 2940 1882 cum
2986 1839 3028 1884 a
3070 1818 3259 1887 fratri

2037 1916 2158 1982 bus
2198 1922 2543 2001 cogeretur
2585 1923 2658 1983 ut
2699 1917 3015 1985 scriberet
3055 1921 3152 1988 ita

2037 2018 2357 2085 facturum
2400 2018 2826 2103 respondisse
2869 2019 2926 2085 si
2969 2020 3219 2089 indicto

2035 2118 2283 2186 ieiunio
2326 2119 2396 2185 in
2444 2139 2788 2187 commune
2830 2119 2940 2186 dm
2987 2141 3216 2190 omnes

2035 2227 2479 2306 praecarentur
2521 2241 2647 2306 quo
2693 2223 2958 2307 expleto
3000 2225 3226 2292 reuela

2035 2322 2215 2390 tione
2262 2329 2594 2391 saturatus
2638 2324 2706 2410 in
2751 2321 2917 2392 illud
2959 2325 3215 2410 proemi

2034 2444 2145 2491 um
2189 2424 2376 2493 caelo
2419 2424 2700 2493 ueniens
2740 2427 3107 2494 eructuauit
3146 2428 3223 2495 In

2035 2526 2364 2612 principio
2408 2533 2553 2595 erat
2590 2526 2861 2595 uerbum
2905 2535 2973 2594 et
3013 2529 3220 2597 uerbfi

2037 2634 2181 2694 erat
2224 2634 2384 2712 aput
2424 2628 2529 2695 dm
2575 2635 2643 2695 et
2684 2627 2764 2695 ds
2808 2635 2952 2696 erat
2985 2629 3256 2697 uerbum

2035 2727 2162 2796 hoc
2205 2735 2349 2796 erat
2391 2729 2460 2794 in
2503 2729 2832 2816 principio
2878 2738 3039 2817 aput
3081 2730 3191 2798 dm

1999 2821 2004 2830 ’
2034 2829 2202 2898 haec
2245 2830 2449 2916 igitur
2493 2839 2799 2917 quattuor
2843 2833 3194 2920 euangelia

2035 2933 2239 2999 multo
2284 2940 2439 3001 ante
2483 2934 2805 3020 praedicta
2846 2934 3109 3003 ezechie

2030 3034 2115 3101 lis
2162 3054 2417 3120 quoque
2462 3038 2769 3104 uolumen
2814 3036 3050 3122 probat

2032 3136 2098 3202 in
2146 3157 2274 3221 quo
2319 3138 2533 3222 prima
2577 3138 2747 3205 uisio
2791 3138 2889 3205 ita
2928 3137 3190 3205 contexi

2032 3238 2162 3305 itur
2205 3245 2273 3305 et
2315 3238 2384 3304 in
2429 3237 2650 3306 medio
2693 3240 2864 3308 siout
2906 3238 3181 3306 similitu

2032 3339 2117 3406 do
2163 3346 2468 3424 quattuor
2512 3341 2897 3409 animalium
2941 3347 3012 3408 et
3049 3341 3186 3409 uul-

2032 3448 2137 3509 tus
2176 3462 2400 3522 eorum
2444 3443 2650 3509 facies
2692 3442 2981 3510 hominis
3026 3450 3094 3511 et

2033 3544 2238 3612 facies
2279 3543 2492 3610 leonis
2539 3551 2606 3610 et
2646 3544 2854 3612 facies
2894 3544 3086 3612 uituli

2033 3654 2099 3715 et
2142 3647 2346 3714 facies
2392 3646 2656 3730 aquilae
2699 3647 2917 3732 prima
2964 3645 3251 3714 hominis

1880 3739 1898 3752 “
2031 3748 2235 3817 facies
2280 3746 2608 3815 matheum
2654 3748 2990 3834 significat
3033 3748 3144 3834 qui

2029 3850 2218 3937 quasi
2263 3851 2347 3918 de
2388 3848 2659 3917 homine
2700 3869 2974 3919 exorsus
3019 3857 3121 3919 est

2029 3952 2314 4022 scribere
2356 3951 2526 4019 liber
2569 3951 3023 4036 generationis

2026 4054 2143 4122 ihu
2188 4063 2307 4139 xpi
2348 4051 2447 4119 fili
2493 4053 2696 4120 dauid
2737 4054 2836 4122 fili
2879 4053 3198 4123 abraham

2025 4155 2349 4225 secundus
2390 4174 2679 4222 marcum
2723 4155 2793 4221 in
2838 4175 2967 4241 quo
3009 4174 3140 4223 vox

2023 4257 2237 4325 leonis
2280 4255 2350 4323 in
2392 4256 2648 4322 herimo
2689 4257 3015 4344 rugientis
3060 4254 3216 4325 audi

2023 4366 2129 4426 tur
2170 4378 2303 4426 uox
2344 4358 2694 4426 clamantis
2738 4359 2808 4427 in
2853 4358 3116 4427 deserto

2024 4466 2255 4547 parate
2300 4460 2476 4527 uiam
2521 4458 2656 4527 diio
2698 4466 2915 4528 rectas
2959 4460 3160 4528 facito

2022 4562 2294 4629 semitas
2335 4562 2478 4629 eius
2507 4561 2723 4631 ‘tertia
2762 4562 2954 4629 uituli
2997 4581 3144 4647 qun

2022 4663 2503 4750 euangelistnn
2546 4663 2764 4733 lucan
2808 4683 2854 4731 a
2891 4662 3204 4732 mhuia
