3634 5717
689 632 851 693 VIII

860 822 989 881 Non
1059 842 1287 894 semper
1352 822 1549 881 eadem
1617 823 1827 895 pagina
1887 843 2002 882 uno
2069 822 2385 893 eodemque
2452 830 2713 891 tempore
2775 818 3098 891 perscripta
3142 827 3257 893 est,

691 907 893 966 relicto
939 929 975 966 a
1018 906 1208 966 scriba
1252 907 1462 982 spatio,
1528 917 1597 966 ut
1660 917 1866 979 postea
1930 909 2150 979 primus
2225 906 2488 965 «brevis»
2562 925 2765 963 versus
2820 903 3010 964 colore
3057 903 3255 978 rubro,

690 992 877 1063 prima
943 992 1217 1051 sectionis
1284 992 1486 1051 littera
1550 1004 1653 1051 aut
1719 1013 1926 1052 nomen
1971 993 2109 1051 Iesu
2166 1011 2307 1051 auro
2352 1001 2755 1063 apponeretur.
2849 989 3013 1048 Haec
3057 998 3256 1048 autem

690 1078 881 1149 spatia
924 1088 1028 1137 aut
1066 1088 1182 1136 tam
1214 1077 1404 1149 ampla
1447 1077 1602 1137 facta
1645 1088 1801 1153 sunt,
1849 1089 1934 1156 ut,
1981 1098 2127 1149 quae
2173 1087 2376 1149 postea
2419 1076 2532 1135 alio
2577 1075 2767 1135 colore
2797 1076 3067 1147 apposita
3094 1084 3257 1149 sunt,

691 1172 877 1222 totum
922 1164 1177 1235 spatium
1220 1183 1333 1222 non
1378 1163 1668 1240 expleant,
1715 1174 1819 1223 aut
1857 1174 1974 1222 tam
2006 1174 2268 1236 angusta.
2314 1173 2400 1241 ut,
2446 1180 2594 1233 quae
2625 1170 2828 1232 postea
2865 1159 3067 1219 addita
3094 1169 3257 1237 sunt,

690 1249 981 1318 proximas
1039 1248 1268 1307 litteras
1328 1247 1602 1321 obtegant
1732 1249 2044 1308 Nonnullis
2101 1249 2243 1308 locis
2300 1268 2356 1309 v.
2404 1268 2451 1309 c.
2500 1247 2663 1305 Ioan.
2718 1253 2813 1321 13,
2876 1253 2910 1304 2
2959 1255 3021 1305 et
3072 1246 3166 1322 17,
3225 1251 3248 1304 l

689 1332 1151 1405 supplementum
1197 1333 1519 1406 neglectum
1565 1346 1682 1398 est,
1753 1335 2013 1406 adeoque
2059 1335 2282 1406 integer
2325 1352 2525 1392 versus
2572 1351 2781 1391 vacans
2845 1331 3091 1402 mansit,
3160 1350 3258 1390 ex-

690 1429 881 1478 stante
927 1419 1049 1478 sola
1091 1419 1356 1479 litterula
1398 1420 1630 1481 initiali.

861 1505 1097 1563 Adsunt
1140 1504 1296 1564 haud
1342 1507 1509 1578 pauci
1553 1506 1750 1578 lapsus
1797 1506 2105 1579 scribendi,
2178 1504 2387 1576 quilius
2429 1505 2503 1562 ab
2551 1504 2675 1575 ipso
2721 1502 2930 1575 scriba,
3001 1522 3258 1561 nonnun-

687 1610 859 1661 quam
905 1590 1081 1649 etiam
1126 1591 1434 1650 recentiori
1469 1611 1659 1664 manu„
1707 1592 2008 1663 appositae
2038 1601 2177 1649 sunt
2205 1589 2657 1656 emendationes„
2705 1609 2854 1647 nunc
2886 1588 2946 1646 in
2975 1588 3256 1662 margine,

692 1695 842 1734 nunc
908 1696 1085 1748 supra
1150 1695 1379 1735 versum
1447 1687 1550 1735 aut
1596 1677 1748 1735 inter
1804 1675 1982 1735 verba
2040 1675 2376 1735 minusculis
2443 1675 2659 1733 litteris
2726 1674 3012 1750 scriptae3
3080 1692 3257 1744 saepe

691 1761 1002 1819 diiudicari
1070 1781 1181 1820 non
1248 1772 1475 1834 potest,
1556 1761 1831 1821 eademne
1909 1783 1978 1820 an
2057 1762 2365 1821 recentiori
2447 1780 2617 1818 manu
2693 1757 3021 1818 emendatio
3096 1758 3258 1817 fact-a

690 1847 784 1906 sit.
851 1844 1254 1906 Correctiones
1300 1847 1580 1919 plurimae
1626 1847 1942 1906 secundum
1974 1847 2285 1922 Vulgatam
2330 1846 2520 1904 factae
2566 1854 2721 1905 sunt.
2799 1844 2946 1903 Tres
2989 1844 3258 1903 emenda·

691 1931 878 1990 tiones
926 1932 1129 1990 iisdem
1177 1932 1372 2004 parvis
1416 1931 1632 1991 litteris
1663 1933 1914 2005 scriptae
1946 1943 2103 2000 sunt.,
2154 1952 2396 2004 quarum
2442 1931 2769 2003 exemplum
2801 1939 2894 1989 est
2925 1931 2982 1988 in
3015 1927 3156 1991 Ood.
3190 1929 3261 1989 Δ

692 2014 1130 2092 (Βεῃςαὶῐοῃεὶ),
1182 2018 1391 2078 Matth.
1426 2023 1482 2092 8,
1510 2024 1614 2076 24:
1665 2028 1782 2076 est
1817 2019 1904 2088 (in
1939 2018 2192 2090 margine
2224 2037 2400 2089 supra
2430 2018 2711 2092 versum),
2746 2015 2962 2076 Matth.
2998 2021 3092 2090 10,
3146 2018 3255 2074 17:

691 2103 859 2161 suis
908 2104 995 2175 (in
1043 2104 1349 2177 margine])‚
1395 2103 1537 2164 Luc.
1589 2113 1645 2176 6,
1695 2109 1803 2162 461
1855 2123 1958 2162 me
2007 2106 2210 2176 (supra
2251 2113 2531 2176 versum).

861 2187 1096 2247 Desunt
1143 2190 1196 2247 in
1245 2188 1442 2247 codice
1487 2209 1663 2248 aureo
1708 2199 1767 2247 et
1815 2198 2155 2261 argumenta
2185 2188 2612 2259 evangeliorum
2657 2199 2718 2246 et
2764 2186 3258 2260 subscriptionem

693 2274 1090 2333 tantummodo
1136 2275 1196 2332 in
1240 2275 1479 2333 summis
1525 2294 1838 2346 paucarum
1883 2275 2222 2346 paginarum
2266 2273 2550 2347 partibus,
2596 2284 2658 2331 et
2700 2271 2934 2344 quidem
2975 2272 3034 2331 in
3063 2271 3259 2331 medio

691 2358 986 2431 evangelio
1034 2359 1183 2432 (foll.
1227 2366 1298 2417 12
1345 2381 1415 2434 r.⁷
1469 2367 1539 2419 16
1575 2381 1643 2435 ι·.,
1698 2366 1768 2418 18
1802 2380 1882 2435 ν.,
1933 2367 2006 2418 83
2042 2380 2120 2434 ν.,
2173 2366 2281 2419 101
2323 2380 2401 2434 ν.,
2455 2361 2566 2418 153
2617 2379 2689 2433 ι·.,
2744 2365 2858 2417 159
2893 2377 2972 2431 v„
3026 2365 3134 2417 161
3174 2377 3259 2432 v..p

697 2449 809 2502 163
860 2464 905 2503 r.
954 2455 1017 2503 et
1059 2465 1113 2505 v.
1163 2455 1223 2503 et
1275 2450 1388 2504 185
1438 2449 1523 2518 v.)
1569 2445 1771 2504 brevia
1814 2455 2155 2518 argumenta
2199 2446 2465 2517 apposita
2508 2453 2660 2504 sunt.

860 2528 1058 2589 Codex
1126 2541 1326 2589 noster
1368 2540 1646 2602 quattuor
1689 2531 1989 2604 evangelia
2029 2551 2268 2603 prorsus
2314 2531 2541 2602 integra
2592 2530 2872 2604 continet,
2940 2529 3053 2587 nisi
3099 2529 3258 2600 quod

692 2614 834 2675 Luc.
868 2621 967 2690 21,
1018 2621 1223 2674 8—-30
1272 2615 1466 2690 deest3
1511 2616 1713 2675 folium
1759 2617 1916 2675 enim
1959 2636 2315 2689 purpureum
2362 2616 2516 2674 inter
2543 2614 2662 2675 foll.
2698 2619 2815 2674 140
2847 2625 2910 2673 et
2946 2619 3052 2673 141
3093 2615 3260 2686 prius

693 2699 1012 2774 intercidit7
1081 2720 1250 2771 quam
1319 2702 1646 2760 confectum
1712 2711 1804 2759 est
1872 2701 2251 2774 involucrum,
2319 2720 2433 2771 quo
2495 2720 2644 2760 nunc
2687 2701 2939 2759 vestitus
2984 2710 3092 2761 est.
3185 2698 3260 2757 In

690 2783 987 2855 evangelio
1032 2783 1269 2843 Ioannis
1315 2785 1589 2845 nonnulla
1617 2786 1759 2844 folia
1785 2786 2011 2857 liquore
2056 2797 2438 2858 conspurcata
2481 2795 2636 2862 sunt,
2681 2785 2834 2845 unde
2879 2785 3036 2844 haud
3080 2783 3257 2844 dubie

693 2869 913 2927 factum
960 2879 1071 2944 est,
1116 2879 1186 2928 ut
1232 2871 1287 2928 in
1334 2870 1587 2928 maxima
1630 2869 1755 2929 folii
1809 2877 1923 2929 188
1971 2880 2139 2943 parte
2184 2891 2421 2944 prorsus
2468 2870 2613 2930 nihil
2657 2871 2936 2943 scriptum
2984 2871 3083 2929 sit.

1905 3208 2027 3287 ΠΙ.

857 3396 1163 3470 Scriptura
1218 3398 1434 3457 codicis
1480 3401 1641 3458 aurei
1687 3419 1892 3471 magna
1945 3409 2038 3457 est
2081 3409 2144 3457 et
2185 3398 2447 3470 pulchra,
2493 3397 2708 3457 litteris
2753 3399 3079 3458 uncialibus
3126 3399 3250 3471 pul-

687 3482 843 3541 chris
888 3491 950 3541 et
994 3483 1258 3542 rotundis
1317 3494 1574 3562 exarata,
1641 3495 1815 3556 atque
1884 3485 2177 3560 continua³
2243 3483 2400 3542 nulla
2463 3482 2770 3543 verborum
2835 3483 3249 3560 disiunctione,

685 3587 864 3639 prope
931 3567 1089 3626 nulla
1153 3569 1619 3640 interpunctione
1639 3566 1688 3644 1)
1712 3616 1728 3648 ,
1795 3589 1982 3641 neque
2048 3568 2310 3628 adhibita
2374 3568 2791 3630 stichometria.
2906 3567 3250 3642 Complures

684 3652 918 3712 litterae
964 3655 1121 3712 inter
1161 3673 1224 3712 se
1268 3674 1558 3714 connexae
1604 3667 1761 3732 sunt,
1806 3674 2214 3726 nonnunquam
2260 3653 2374 3713 alia
2419 3654 2573 3713 intra
2616 3653 2787 3714 aliam
2817 3655 3027 3734 posita,
3073 3674 3250 3727 saepe

686 3738 834 3796 duae
880 3747 1055 3809 atque
1099 3740 1275 3798 etiam
1322 3751 1442 3799 tres
1486 3761 1602 3800 uno
1646 3742 1850 3801 calami
1897 3740 2079 3799 ductu
2122 3740 2374 3811 scriptae
2422 3739 2582 3814 (vide
2628 3739 2937 3799 faesimilia
2965 3739 3105 3802 Tab.
3154 3739 3250 3799 IV

685 3821 737 3881 B
785 3833 846 3881 et
889 3822 1032 3885 Tab.
1080 3823 1185 3899 V).
1257 3825 1489 3885 Littera
1534 3848 1591 3904 n,
1637 3827 1929 3886 interdum
1975 3827 2150 3885 etiam
2198 3837 2242 3900 t,
2289 3826 2346 3883 in
2391 3825 2503 3884 fine
2547 3845 2751 3884 versus
2794 3845 2971 3898 supra
3013 3845 3249 3885 versum

683 3908 879 3980 posita
920 3918 1013 3968 est
1056 3929 1111 3971 v.
1159 3930 1208 3969 c.
1256 3906 1415 3988 EST,
1463 3907 1631 3973 OON.
1721 3912 1956 3972 Littera
1997 3932 2034 3984 g
2077 3911 2221 3970 duas
2266 3909 2444 3969 habet
2486 3912 2702 3970 formas
2763 3922 2867 3970 aut
2910 3909 2966 3970 G
3008 3921 3113 3971 aut
3169 3906 3244 3992 g.

683 3991 756 4051 In
789 3992 1115 4054 nominibus
1154 3996 1370 4073 dene,
1417 3996 1796 4075 dominus,
1858 3997 2096 4073 iesus,
2148 3996 3247 4072 christus,sp1r1tussanotus

684 4090 1035 4154 constanter,
1102 4081 1163 4139 in
1229 4079 1359 4139 aliis
1426 4102 1854 4159 nonnunquam,
1921 4083 2063 4141 haec
2129 4080 2416 4141 scribendi
2471 4083 2812 4156 compendia
2866 4082 3244 4142 adhibentur:

683 4163 781 4242 (ἱὲ,
827 4164 920 4242 di,
968 4164 1092 4242 dm,
1138 4162 1216 4225 ᾶό
1269 4166 1470 4244 (deus,
1517 4167 1640 4245 dei,
1699 4167 1902 4244 deum,
1948 4168 2120 4244 deo),
2176 4164 2312 4245 dns,
2359 4165 2486 4247 dni,
2531 4169 2700 4246 dnm,
2760 4165 2873 4227 d‘fio
2928 4168 3248 4245 (dominus,

684 4250 931 4326 domini,
978 4250 1302 4328 dominum,
1349 4251 1640 4330 domino);
1687 4250 1812 4328 ihs,
1860 4254 1991 4332 ihu,
2035 4251 2157 4312 ihm
2205 4213 2486 4328 (ihesuss,7
2515 4255 2714 4332 ihesu,
2767 4253 3058 4330 ihesum):,
3115 4257 3248 4378 xpi,

681 4434 835 4485 prima
861 4446 1019 4485 manu.
1048 4436 1262 4479 nonnulli
1290 4436 1469 4480 ineerta
1496 4449 1653 4488 manu,
1683 4438 1896 4481 nonnulli
1923 4451 2103 4490 quoque
2121 4440 2376 4484 recentiore
2395 4451 2536 4482 mann
2555 4438 2746 4482 correcti
2762 4443 2885 4482 eunt.
2932 4438 3249 4484 correctiones

682 4513 847 4546 manus
886 4502 1090 4546 incertae
1130 4507 1177 4547 et
1214 4504 1495 4554 meentioris,
1542 4518 1875 4557 nonnunquam
1902 4506 2046 4551 etiam
2073 4508 2266 4559 primae.
2307 4510 2496 4552 notatae
2536 4509 2644 4550 sunt
2683 4506 2732 4550 in
2773 4506 3155 4553 adnotationibus
3182 4508 3246 4553 ad

682 4570 821 4614 finem
848 4569 1080 4614 editionis.

783 4636 815 4690 ¹)
842 4635 1093 4683 Nonnullis
1129 4640 1243 4685 locis
1268 4640 1452 4691 signum
1496 4641 1521 4692 †
1563 4641 1827 4694 adpositum
1856 4649 1948 4695 est.
1987 4643 2223 4688 nonnullis
2275 4642 2389 4689 locis
2439 4644 2749 4696 interpunctio
2789 4644 3043 4690 recentiore
3082 4658 3244 4690 manu.

683 4703 846 4751 Verba
869 4707 1098 4753 nonnulla
1122 4707 1307 4760 dmum
1338 4723 1431 4746 ‹-··
1462 4708 1652 4755 habent.
