3634 5717
352 680 474 747 Fol
519 683 641 750 139

391 884 462 948 ll
555 890 622 949 et
664 882 855 952 addit
897 883 1109 953 alteru
1146 902 1254 949 ser

557 1037 644 1103 mi
690 1035 948 1102 mittere
993 1033 1090 1101 illi
1135 1040 1285 1101 aute

553 1186 727 1252 hunc
770 1185 956 1270 qucq'
998 1184 1306 1253 cedentes

555 1346 621 1405 et
664 1336 1048 1405 adiicientes
1093 1357 1213 1404 con

553 1490 825 1559 tumeiia
869 1488 1271 1556 demiserunt

387 1628 465 1694 ¹2
551 1642 747 1709 inane
793 1648 861 1709 et
903 1638 1164 1708 addidit
1205 1646 1304 1706 ter

551 1793 648 1860 titi
694 1793 951 1861 mittere
998 1791 1107 1877 qui
1155 1798 1221 1860 et
1264 1791 1311 1857 il

545 1898 620 2009 iu
667 1945 1085 2012 uulnerantes
1130 1943 1234 2012 eie

385 2087 463 2151 13
550 2102 777 2164 cerunt
819 2094 989 2162 dixit
1031 2102 1182 2162 aute
1229 2094 1353 2162 dns

549 2246 784 2314 uineae
830 2245 987 2332 quid
1031 2245 1204 2313 facia
1248 2245 1368 2312 mit

549 2405 683 2463 tam
728 2397 933 2466 filium
977 2400 1127 2465 meti
1174 2397 1242 2465 di

546 2550 784 2617 lectum
825 2549 1103 2618 forsitan
1148 2557 1224 2617 cir

539 2701 712 2801 nunc
753 2701 1042 2770 uiderint
1084 2721 1238 2770 uere

373 2856 453 2920 14
536 2853 773 2921 buntur
809 2865 933 2939 que
974 2853 1056 2921 cti
1095 2852 1268 2921 nidis

538 3013 686 3073 sent
728 3005 945 3073 coloni
988 3004 1213 3090 cogita

539 3165 771 3226 uerunt
813 3157 986 3225 inter
1027 3176 1101 3224 se
1145 3155 1213 3223 di

540 3315 762 3378 centes
806 3308 915 3376 hic
958 3314 1060 3376 est
1095 3308 1287 3375 heres

465 3432 473 3439 ’
539 3460 913 3529 occidamus
957 3459 1078 3527 ina
1123 3466 1192 3527 ut

540 3620 766 3682 nostra
807 3613 925 3681 fiat
967 3610 1194 3680 heredi
1307 3678 1314 3685 ,

370 3775 450 3839 15
535 3772 639 3833 tas
684 3774 752 3833 et
794 3764 1006 3841 eiectu
1051 3763 1171 3830 illu

536 3925 725 3985 extra
765 3916 960 3984 uinea
1002 3915 1229 3989 occide

536 4074 686 4136 runt
730 4067 888 4152 quid
929 4067 1195 4135 «faciet»
1243 4085 1316 4133 er

537 4242 623 4306 go
667 4220 801 4287 illis
845 4219 1145 4287 dominus
1190 4217 1257 4285 ui

371 4368 451 4433 16
536 4370 734 4458 niaeU]
780 4371 1000 4439 ueniet
1044 4378 1110 4438 et
1154 4388 1272 4455 per

535 4522 649 4589 det
692 4521 962 4590 colonos
1005 4520 1167 4587 istos

705 4682 773 4741 et
815 4672 1001 4741 dabit
1038 4671 1233 4740 uinea

1458 681 1773 751 Loc20

1877 885 2029 952 aliis
2075 907 2201 970 quo
2248 887 2472 955 andito
2518 887 2635 954 dix

1711 1038 1786 1104 17
1877 1043 2067 1103 erunt
2111 1036 2207 1103 illi
2256 1039 2431 1106 absit
2472 1038 2518 1105 il

1876 1188 1938 1253 le
1984 1194 2132 1254 aute
2177 1189 2507 1274 aspiciens
2552 1212 2666 1259 eos

1875 1338 1972 1405 ait
2015 1339 2171 1422 quid
2218 1348 2318 1407 est
2361 1361 2520 1426 ergo
2564 1342 2689 1409 hoc

1874 1489 2046 1573 quod
2090 1491 2339 1576 scriptu
2384 1500 2502 1560 est.
2547 1494 2615 1562 la

1873 1641 2029 1726 pide
2074 1650 2199 1727 que
2245 1644 2608 1729 reprobaue

1872 1802 2020 1860 runt
2064 1794 2468 1863 aedificantes

1868 1944 1978 2011 hic
2022 1945 2233 2012 factus
2278 1953 2379 2014 est
2424 1947 2490 2013 in
2537 1968 2615 2015 ca

1700 2104 1779 2167 18
1866 2103 1985 2182 put
2029 2098 2256 2181 anguli
2301 2098 2513 2164 omnis
2558 2099 2667 2182 qni

1733 2322 1740 2330 ‚
1869 2247 2181 2315 ceciderit
2224 2267 2421 2333 super
2464 2248 2510 2314 il

1866 2398 1934 2463 11‘1
1981 2398 2205 2483 lapide
2252 2418 2619 2484 conquassa

1864 2548 2037 2616 bitur
2079 2570 2278 2636 super
2321 2564 2445 2635 que
2492 2558 2643 2618 aute

1863 2701 2176 2769 ceciderit
2217 2702 2546 2773 ceminuet
2659 2691 2664 2697 ⁴

1655 2852 1804 2979 ω12942
1860 2851 1980 2918 illu
2024 2852 2109 2919 Et
2153 2804 2533 2937 quaerebant

1730 2986 1754 3030 1

1654 3040 1724 3082 mt
1746 3038 1826 3083 220
1858 3004 2191 3090 principes
2234 3005 2507 3073 sacerdo

1652 3101 1725 3134 mr
1749 3090 1828 3135 119

1651 3140 1700 3235 {3
1721 3142 1776 3236 ⁸7}
1861 3164 1997 3224 tum
2044 3165 2111 3224 et
2153 3156 2407 3226 scribae
2452 3157 2572 3224 mit

1858 3317 1998 3377 tere
2042 3309 2111 3375 in
2158 3308 2279 3376 illfi
2324 3329 2555 3376 manus
2601 3308 2671 3375 in
2728 3314 2733 3321 ’

1857 3460 1976 3526 illa
2016 3461 2180 3527 hora
2221 3466 2288 3526 et
2331 3459 2596 3528 timueit

1857 3611 2105 3696 populu
2151 3628 2526 3696 cognouerv

1855 3768 1930 3828 nt
1971 3774 2080 3830 eni
2121 3761 2295 3847 qued
2339 3762 2423 3830 ad
2471 3763 2650 3848 ipsos

1856 3913 2099 3982 dixerit
2140 3913 2571 3983 similitudine
2617 3914 2744 3981 ists

1856 4067 1941 4133 Et
1982 4067 2406 4133 obseruantes
2453 4066 2614 4132 mise

1645 4056 1798 4290 *2:332

1741 4296 1819 4342 22⁷
1855 4223 2006 4285 runt
2049 4217 2470 4315 insidiatores

1742 4347 1822 4394 mo

1647 4299 1720 4394 ΕΞ

1855 4370 1967 4455 qui
2008 4390 2082 4438 se
2130 4371 2335 4438 iustos
2380 4367 2620 4436 simula

1858 4527 2007 4593 rent
2045 4528 2115 4588 ut
2155 4527 2467 4606 caperent
2509 4528 2591 4584 eu

2461 4822 2565 4876 18·

2720 636 2735 645 ἱ
2763 691 2893 758 2Ί5
