3634 5717
355 675 473 741 [⁴⁸01
522 676 644 742 173

381 877 461 943 31

377 2246 461 2310 32

362 3315 445 3379 33

357 4688 443 4754 35

553 875 613 942 ei
659 876 920 943 martha
961 874 1160 942 iudaei
1203 897 1286 943 av

551 1036 616 1094 te
658 1028 769 1113 qui
811 1036 1002 1096 erant
1042 1029 1124 1095 eu
1170 1048 1252 1095 ea

552 1181 620 1247 in
666 1180 859 1247 domo
904 1189 971 1248 et
1009 1201 1210 1248 eonso

550 1334 855 1402 labantur
897 1354 1043 1402 eam
1084 1335 1164 1400 eu

549 1484 872 1553 uidissent
917 1487 1124 1553 marie

548 1639 702 1723 quia
744 1639 874 1706 eito
918 1639 1201 1707 surrexit

545 1801 611 1860 et
651 1792 817 1859 exiit
854 1792 1063 1860 seeuti
1101 1801 1255 1859 sunt

543 1956 625 2010 ee
667 1944 962 2012 dieentes
1004 1945 1159 2029 quia
1200 1966 1288 2012 vu

546 2094 647 2161 dit
687 2096 775 2163 ad
817 2117 1163 2164 monumen

545 2255 613 2314 tv
661 2256 732 2316 ut
772 2250 986 2334 ploret
1029 2250 1119 2316 ibi
1165 2272 1274 2316 ma

542 2402 645 2468 ria
685 2422 845 2488 ergo
888 2412 960 2469 ut
1003 2404 1187 2471 uenit

542 2554 650 2620 ubi
697 2563 840 2623 erat
884 2556 988 2622 ihs
1029 2556 1266 2624 uidens

541 2728 686 2784 eum
733 2708 974 2776 eeeidit
1018 2709 1106 2776 ad
1151 2710 1354 2794 pedes

541 2860 681 2925 eius
728 2867 794 2927 et
838 2861 1009 2929 dixit
1054 2863 1114 2930 ei
1161 2863 1293 2929 dr‘ne
1337 2863 1394 2929 si

538 3011 646 3079 hie
691 3033 872 3080 esses
918 3036 1046 3080 non
1094 3021 1271 3082 esset

539 3175 827 3235 mortuus
874 3168 1075 3235 frater

532 3339 714 3385 meus
760 3320 864 3385 ihs
908 3341 1068 3404 ergo
1114 3329 1182 3386 ut

532 3471 704 3538 uidit
746 3483 827 3538 eu
869 3473 1169 3558 plorante

536 3632 603 3690 et
645 3623 875 3691 iudeos
919 3624 1151 3712 flentes

533 3776 645 3860 qui
693 3783 1015 3844 uenerant
1058 3778 1141 3843 eu

534 3949 616 3996 ea
660 3929 921 3998 fremuit
964 3930 1032 3996 in
1079 3939 1206 4015 spu

533 4090 600 4148 et
643 4081 930 4150 turbauit
972 4089 1183 4150 semet

532 4231 745 4317 ipsum
792 4241 858 4301 et
901 4234 1074 4302 dixit
1116 4235 1228 4302 ubi

532 4382 844 4467 posuistis
889 4387 973 4452 eu
1018 4385 1245 4455 dievnt

531 4532 592 4601 ei
638 4534 770 4602 dne
813 4536 965 4604 ueni
1009 4544 1077 4605 et
1120 4537 1273 4605 uide

530 4696 597 4756 et
640 4690 1021 4757 lael-imatus
1066 4698 1167 4759 est

1449 676 1580 742 Ioh‘
1612 675 1664 742 C
1711 678 1784 743 11

1690 880 1775 945 36

1687 1185 1769 1249 37

1683 2866 1766 2931 39

1672 3783 1747 3848 41

1672 4546 1756 4611 42

1861 875 1968 943 ihs
2013 885 2080 945 et
2117 876 2426 945 dixerunt
2468 874 2664 942 iudaei

1863 1050 2018 1097 eeoe
2061 1030 2385 1113 quomodo
2432 1049 2585 1096 ama

1863 1183 1979 1250 bat
2019 1192 2103 1250 eu
2148 1181 2349 1268 quide
2393 1189 2544 1249 ante

1861 1357 1946 1404 ex
1980 1336 2151 1422 ipsis
2195 1335 2503 1403 dixerunt
2545 1356 2675 1403 non

1863 1496 2122 1574 poterat
2162 1489 2273 1555 hie
2317 1488 2427 1573 qui
2472 1509 2600 1573 ape

1857 1642 1988 1709 ruit
2030 1643 2238 1710 «oeci»
2283 1642 2505 1709 oeulos
2551 1641 2694 1707 faee

1856 1817 1928 1863 re
1970 1804 2043 1862 ut
2086 1802 2154 1863 et
2191 1794 2301 1861 hie
2344 1815 2473 1861 non
2522 1815 2626 1859 mo

1858 1955 2106 2015 teretur
2150 1946 2256 2013 ihs
2298 1968 2458 2032 ergo

1856 2101 2041 2166 rursu
2089 2101 2373 2166 fremens
2414 2099 2478 2165 in

1857 2259 2066 2320 semet
2111 2258 2256 2337 ipso
2303 2252 2483 2319 uenit
2526 2251 2609 2317 ad

1860 2408 2280 2472 monuments]
2329 2414 2469 2471 erat

1856 2567 2007 2625 aute
2052 2558 2372 2643 spelunea
2412 2565 2481 2625 et
2522 2558 2589 2623 la

1857 2713 1959 2797 pis
2004 2711 2457 2797 superpositus
2495 2709 2557 2777 ei

1856 2866 1953 2932 ait
1993 2866 2098 2932 ihs
2142 2865 2354 2932 tollite
2397 2860 2622 2948 l'apide

1852 3018 2015 3085 dieit
2058 3018 2120 3085 ei
2164 3018 2425 3085 martha
2467 3016 2598 3083 dne

1852 3171 1983 3239 iam
2029 3175 2191 3239 fetet
2233 3175 2321 3235 ni.
2356 3170 2532 3254 quad

1850 3323 2043 3390 riduu
2085 3323 2288 3390 habet
2331 3322 2494 3389 dieit

1849 3476 1912 3541 oi
1958 3448 2079 3540 ihs
2106 3496 2324 3543 nonne
2364 3474 2502 3542 dixi
2550 3465 2670 3540 tibi

1849 3629 2005 3712 quia
2046 3628 2104 3693 si
2148 3628 2508 3696 credideris

1848 3781 2105 3848 uidebis
2149 3782 2429 3866 gloriam
2475 3781 2545 3848 di
2590 3788 2659 3847 tu

1848 3936 2064 4001 lervnt
2106 3954 2267 4020 ergo
2313 3932 2540 4019 lapide
2585 3932 2690 3998 ihs

1846 4093 1996 4155 aute
2042 4087 2320 4155 elevatis
2366 4088 2553 4155 sursfl

1845 4240 2051 4307 oeulis
2092 4240 2264 4307 dixit
2306 4247 2495 4326 peter
2539 4261 2662 4325 gra

1847 4343 1976 4459 tias
2020 4412 2150 4478 ago
2192 4392 2312 4460 tibi
2359 4403 2487 4476 qvo
2532 4412 2614 4458 au

1845 4544 1999 4611 disti
2043 4566 2148 4613 me
2193 4552 2258 4612 et
2302 4566 2428 4630 ego
2473 4544 2608 4615 seio

1841 4696 1990 4764 bam
2035 4699 2192 4783 quie
2228 4709 2422 4785 seper
2467 4718 2569 4773 me

1841 4847 2031 4917 audis
2074 4851 2193 4920 sed
2237 4872 2404 4939 prop
