3634 5717
754 660 882 728 222

828 865 869 929 8

785 3603 863 3667 12

1899 657 2165 726 Le07

956 868 1024 929 et
1064 861 1406 929 sanabitur
1449 880 1613 946 puer
1656 880 1839 927 meus
1885 867 1970 927 nii

957 1020 1026 1081 et
1067 1034 1194 1099 ego
1239 1013 1434 1079 homo
1479 1033 1621 1080 snm
1666 1012 1787 1080 snb
1831 1033 1918 1098 po

955 1171 1197 1234 testate
1242 1164 1631 1232 constitutus
1675 1163 1765 1230 ha

955 1318 1119 1387 bens
1160 1316 1282 1384 sub
1326 1336 1431 1383 me
1474 1314 1719 1383 milites
1763 1322 1833 1383 et
1873 1315 1943 1381 di

957 1490 1033 1537 co
1078 1469 1231 1537 hnic
1272 1469 1447 1538 uade
1488 1475 1556 1536 et
1589 1467 1778 1536 uadit
1818 1474 1887 1535 et
1930 1488 1973 1535 a

956 1621 1047 1687 lio
1091 1621 1244 1688 ueni
1289 1627 1357 1688 et
1397 1621 1583 1687 uenit
1625 1627 1694 1687 et
1740 1640 1934 1688 seruo

957 1793 1103 1840 meo
1146 1773 1254 1841 fac
1293 1772 1419 1839 hoc
1462 1779 1531 1841 et
1572 1772 1736 1841 facit
1778 1792 1907 1857 quo

958 1923 1185 1993 audito
1232 1924 1335 1991 ihs
1379 1924 1651 1991 miratus
1697 1930 1799 1991 est
1842 1930 1909 1990 et

959 2095 1312 2145 conuersus
1355 2076 1717 2162 sequentib'

955 2248 1030 2297 se
1071 2228 1282 2297 turbis
1326 2226 1498 2296 dixit
1540 2248 1734 2296 amen
1779 2227 1930 2296 dico

954 2381 1145 2451 uobis
1200 2380 1268 2448 in
1313 2382 1494 2449 nullo
1538 2388 1790 2451 tantam
1838 2380 1970 2448 fide

955 2535 1181 2603 inueni
1241 2534 1308 2605 in
1355 2534 1600 2603 israhel
1655 2535 1741 2601 Et
1780 2552 1972 2601 rener

954 2687 1013 2754 si
1057 2686 1256 2754 domn
1303 2686 1414 2772 qui
1458 2684 1643 2754 missi
1687 2688 1878 2752 erant

955 2839 1346 2908 inuenerunt
1387 2840 1584 2907 sernfi
1630 2838 1797 2906 santi

953 2992 1038 3058 Et
1081 2992 1260 3060 factii
1307 2997 1409 3059 est
1453 2990 1770 3078 deinceps

957 3144 1095 3212 ibat
1136 3144 1242 3211 ihs
1288 3142 1356 3211 in
1397 3144 1666 3212 ciuitate
1700 3164 1847 3227 quae
1883 3162 1968 3210 uo

953 3303 1138 3363 catur
1180 3296 1358 3363 naim
1402 3303 1472 3366 et
1515 3296 1700 3365 ibant
1742 3299 1824 3361 cfi
1867 3295 1914 3362 il

951 3447 1018 3514 lo
1063 3447 1372 3535 discipuli
1419 3449 1559 3516 eius
1603 3455 1670 3516 et
1710 3448 1903 3515 turba

947 3602 1220 3687 copiosa
1262 3621 1406 3668 cnm
1453 3608 1606 3670 aute
1651 3600 1861 3685 adpro

947 3753 1209 3838 piarent
1255 3761 1486 3839 portae
1529 3753 1820 3821 ciuitatis

945 3911 1013 3971 et
1056 3926 1208 3972 ecce
1249 3858 1637 3973 efferebatur
1678 3905 1762 3972 de

945 4056 1204 4122 functus
1249 4055 1421 4121 filins
1465 4055 1695 4122 unicus
1739 4076 1850 4122 ma

946 4207 1064 4273 tris
1108 4227 1269 4274 suae
1314 4212 1380 4273 et
1423 4206 1589 4274 haec
1632 4207 1835 4276 uidua
1877 4231 1915 4276 e

940 4364 1044 4426 rat
1087 4363 1154 4425 et
1195 4359 1388 4425 turbs
1432 4358 1640 4426 multa
1679 4362 1760 4426 cfi
1806 4361 1926 4429 ills

2114 861 2192 928 13
2278 860 2557 943 quamcfi
2603 856 2863 926 uideret
2904 859 3033 927 dns
3080 861 3168 926 mi

2280 1002 2652 1080 sericordia'
2683 1016 2897 1078 motus
2941 1030 3142 1097 snper

2280 1165 2465 1233 illam
2521 1163 2751 1246 dixitq'
2806 1161 2906 1228 illi
2951 1163 3089 1231 noli
3141 1164 3305 1230 flere

2106 1322 2193 1388 14
2278 1329 2345 1384 et
2387 1315 2668 1384 accessit
2710 1320 2778 1382 et
2818 1312 3047 1399 tetigit
3087 1314 3153 1381 lo

2276 1470 2492 1536 culum
2537 1465 2633 1535 hii
2672 1472 2891 1534 antem
2939 1466 3051 1550 qni
3094 1486 3218 1551 por

2274 1622 2510 1689 tabant
2552 1625 2875 1688 steterunt
2918 1625 2985 1686 et
3030 1617 3126 1685 sit

2275 1772 2383 1839 ihs
2426 1772 2803 1840 aduliscens
2848 1771 2968 1838 tibi
3013 1769 3163 1838 dico

2108 1919 2188 1984 15
2275 1944 2473 2010 surge
2514 1931 2584 1992 et
2624 1923 2872 1992 resedit
2916 1923 3026 2007 qui
3070 1930 3221 1993 erat

2278 2084 2568 2144 mortuus
2614 2083 2681 2144 et
2718 2076 2938 2162 coepit
2978 2076 3157 2160 loqui

2278 2235 2346 2295 et
2384 2228 2570 2296 dedit
2614 2229 2736 2296 inu
2780 2220 2974 2295 matri
3018 2247 3181 2295 suae

2105 2380 2185 2443 16
2269 2381 2528 2468 accepit
2572 2389 2724 2450 aute
2770 2400 2999 2450 omnes
3043 2380 3096 2447 ti

2277 2552 2417 2599 mor
2461 2539 2529 2601 et
2569 2533 3088 2621 magnificabant

2276 2682 2384 2750 dm
2430 2684 2726 2755 dicentes
2771 2685 2927 2771 quia
2971 2683 3230 2770 prophe

2272 2845 2346 2904 ts
2388 2858 2667 2924 magnus
2710 2836 2996 2907 surrexit
3034 2836 3102 2903 in

2273 2989 2464 3057 nobis
2508 2996 2577 3058 et
2619 2989 2776 3074 quia
2816 2988 3116 3057 uisitauit

2274 3143 2400 3210 dns
2445 3141 2638 3229 plebe
2684 3162 2871 3210 suam
2914 3143 2983 3210 in
3023 3144 3197 3210 bono

2106 3295 2182 3360 17
2271 3302 2340 3362 et
2382 3295 2546 3363 exiit
2589 3295 2699 3362 hic
2742 3314 2956 3363 sermo
3000 3294 3067 3362 in
3116 3295 3229 3361 uni

2068 3381 2189 3474 ,Ἥ
2271 3466 2467 3516 uersa
2507 3447 2726 3517 indaea
2767 3448 2852 3516 de
2895 3468 2976 3515 eo
3015 3455 3082 3516 et
3122 3448 3189 3513 in

2272 3608 2466 3668 omne
2510 3600 2690 3669 circa
2732 3599 3067 3685 regionem

2098 3755 2177 3821 18
2263 3754 2347 3818 Et
2393 3754 2859 3821 nuntiauerant
2902 3753 3100 3820 iohan

2063 3839 2129 3883 Br
2155 3841 2203 3883 18

2063 3892 2106 3935 ¹⁰
2132 3892 2186 3985 (ξ’
2271 3905 2338 3970 ni
2384 3903 2693 3989 discipuli
2739 3904 2879 3972 eins
2924 3905 3010 3972 de
3051 3900 3158 3971 0'm

2064 3996 2133 4038 tnt
2160 3994 2234 4038 los

2022 4144 2027 4148 .
2102 4063 2181 4127 19
2268 4056 2399 4122 nib'
2443 4055 2547 4122 his
2593 4064 2661 4124 et
2704 4057 3096 4125 conuocauit
3139 4058 3227 4123 du

2264 4228 2339 4274 os
2385 4228 2469 4275 ex
2513 4207 2858 4294 discipulis
2903 4212 3039 4278 suis
3084 4211 3150 4276 io

2262 4359 2517 4428 hannes
2562 4369 2630 4429 et
2676 4362 2856 4429 misit
2899 4361 2991 4430 sd·
3032 4362 3166 4429 ihm
3212 4363 3287 4430 di

2434 4534 2592 4581 cens
2639 4521 2709 4581 tn
2755 4534 2827 4581 es
