3634 5717
1950 977 2039 1055 ΙΙ.

882 1164 1082 1224 Habet
1125 1165 1308 1224 codex
1351 1185 1562 1224 aureus
1607 1166 1748 1224 folia
1787 1172 1925 1242 195,
1972 1185 2217 1237 quorum
2263 1184 2442 1223 unum
2486 1163 2805 1238 dimidiam,
2850 1162 2965 1221 duo
3010 1169 3279 1232 quartam

714 1251 923 1324 integri
977 1251 1102 1310 folii
1146 1260 1371 1323 partem
1419 1251 1736 1310 continent.
1849 1250 2035 1310 Totus
2080 1249 2548 1309 membranaceus
2614 1259 2732 1326 est,
2800 1248 2860 1306 in
2926 1245 3280 1318 membrana,

713 1356 784 1396 ex
843 1336 999 1395 corio
1052 1336 1334 1404 vitulino,
1402 1345 1681 1407 quantum
1733 1335 1920 1395 videri
1982 1345 2212 1409 potest,
2278 1335 2575 1410 confecta,
2641 1334 2913 1405 scriptus.
3005 1329 3280 1390 Altitudo

713 1420 985 1482 foliorum
1029 1421 1103 1480 ad
1147 1421 1447 1498 tredecim,
1492 1421 1741 1480 latitudo
1785 1421 1860 1479 ad
1904 1422 2103 1481 decem
2140 1421 2378 1493 pollices
2422 1419 2661 1480 accedit.
2726 1417 2999 1491 Singulae
3036 1417 3282 1489 paginae

714 1508 775 1567 in
838 1507 1005 1566 binas
1071 1505 1364 1566 columnas
1430 1506 1651 1565 divisae
1726 1517 1881 1568 sunt.
2009 1507 2123 1565 Per
2188 1515 2377 1565 totum
2433 1525 2615 1577 paene
2686 1504 2940 1564 codicem
2962 1548 2978 1578 ,
3056 1502 3115 1561 id
3168 1511 3283 1578 est,

714 1613 821 1665 per
878 1593 1070 1653 omnia
1126 1592 1423 1664 evangelia
1480 1601 1542 1650 et
1596 1592 1658 1651 in
1714 1591 1950 1665 prologo
2007 1590 2289 1663 evangelii
2344 1591 2558 1661 Lucae,
2616 1590 2924 1662 pleraeque
2982 1587 3283 1647 columnae

720 1686 795 1736 26
842 1697 1073 1748 versus,
1119 1677 1425 1736 nonnullae
1474 1684 1548 1735 23
1570 1723 1585 1752 ,
1644 1697 1862 1749 paucae
1911 1685 1986 1736 28
2043 1677 2277 1736 babent.
2367 1675 2791 1736 Tantummodo
2845 1676 2905 1734 in
2962 1674 3036 1733 iis
3102 1674 3284 1746 foliis,

718 1766 778 1822 in
820 1762 1030 1836 quibus
1075 1763 1230 1821 inest
1271 1762 1519 1835 epistola
1562 1762 1908 1833 Hieronymi
1954 1763 2028 1821 ad
2071 1763 2385 1822 Damasum
2431 1782 2666 1838 papam,
2712 1760 3112 1833 praefatioque
3156 1759 3286 1818 eius

716 1848 790 1907 ad
835 1849 1028 1908 omnia
1070 1846 1365 1919 evangelia
1408 1847 1555 1924 (foll.
1610 1855 1835 1922 123),
1890 1849 2062 1907 index
2116 1848 2398 1920 evangelii
2444 1847 2733 1906 Matthaei
2780 1846 2904 1919 (fol.
2950 1849 3052 1922 4),
3097 1842 3287 1917 prolo-

715 1953 821 2006 gus
887 1943 950 1992 et
1014 1932 1187 1992 index
1253 1933 1534 2005 evangelii
1582 1933 1764 1992 Marci
1814 1934 1963 2004 (foll.
2016 1941 2092 1992 62
2147 1943 2209 1992 et
2256 1928 2485 2006 62¹ls),
2544 1931 2719 1991 index
2763 1930 3046 2003 evangelii
3090 1929 3286 1989 Lucae

720 2017 868 2093 (foll.
919 2020 1221 2093 95—96),
1267 2018 1515 2089 deniqne
1583 2019 1854 2091 prologus
1907 2028 1969 2078 et
2022 2018 2196 2078 index
2248 2016 2529 2090 evangelii
2583 2017 2818 2076 Ioannis
2874 2015 3024 2092 (foll.
3081 2020 3287 2074 149—

728 2099 957 2177 149¹l4)
1025 2103 1284 2175 singulae
1348 2104 1645 2162 columnae
1713 2111 1786 2162 38
1835 2124 2040 2164 versus
2105 2103 2352 2170 habent:
2420 2114 2558 2161 sunt
2622 2113 2817 2160 autem
2883 2101 3078 2160 omnia
3139 2101 3287 2160 haec

719 2190 860 2249 folia
903 2209 973 2248 ex
1016 2188 1222 2247 viliore
1268 2189 1599 2248 membrana
1641 2191 1905 2249 confecta
1949 2200 2042 2266 et,
2109 2189 2264 2260 qnod
2311 2188 2463 2247 infra
2506 2186 3032 2264 demonstrabitur,
3093 2206 3288 2245 roeen·

719 2276 868 2334 tiore
912 2294 1085 2333 manu
1126 2275 1365 2345 scripta.

889 2359 1135 2420 Praeter
1178 2359 1318 2418 folia
1382 2360 1545 2436 haee,
1612 2379 1759 2432 quae
1815 2361 1930 2418 iam
1974 2369 2310 2419 enumerata
2367 2369 2524 2436 sunt,
2595 2368 2658 2417 et
2711 2356 2833 2417 foll.
2882 2361 3076 2434 5—8,
3135 2375 3286 2428 quae

720 2446 936 2517 primos
990 2455 1121 2504 octo
1166 2443 1408 2504 Eusebii
1452 2465 1699 2504 canones
1744 2444 1962 2504 habent
2015 2445 2316 2521 (postremi
2364 2444 2479 2504 duo
2524 2443 2812 2515 deperditi
2858 2444 3047 2516 sunt),
3090 2450 3293 2500 cetera

720 2530 914 2590 omnia
957 2530 1166 2589 coloris
1228 2540 1368 2588 sunt
1411 2530 1742 2589 alternatim
1787 2541 1892 2588 aut
1935 2530 2114 2590 lucidi
2162 2531 2421 2600 (sufflavi
2467 2530 2663 2602 potius
2729 2547 2902 2599 quam
2957 2527 3124 2603 albi),
3183 2536 3295 2586 aut

721 2616 1020 2687 purpurei.
1110 2614 1450 2673 Membrana
1492 2616 1708 2687 partim
1753 2616 1947 2673 tenuis
1991 2625 2083 2675 est
2126 2625 2188 2674 et
2230 2614 2492 2689 pulchra,
2538 2614 2751 2686 partim
2818 2633 3031 2692 crassa,
3099 2611 3290 2684 rigida

723 2708 785 2757 et
828 2699 986 2771 rugis
1030 2698 1385 2777 deformata3
1444 2699 1718 2759 nonnulla
1762 2698 1922 2774 folia,
1978 2721 2126 2771 quae
2179 2699 2375 2771 aliqua
2419 2719 2489 2758 ex
2535 2708 2702 2770 parte
2746 2697 2968 2770 liquore
3014 2706 3291 2770 argenteo

725 2785 944 2855 scripta
987 2792 1157 2858 sunt,
1202 2782 1361 2844 color
1404 2803 1585 2855 paene
1631 2785 1880 2861 peredit,
1923 2805 1977 2844 v.
2027 2806 2079 2844 c.
2127 2784 2226 2843 fol.
2281 2791 2427 2862 1553
2486 2782 2777 2842 interdum
2824 2783 3108 2843 foramina
3150 2802 3291 2855 qno·

726 2889 837 2940 que
866 2868 1285 2944 -reperiuntur,
1346 2889 1494 2940 quae
1538 2879 1672 2928 ante
1717 2870 2093 2942 scriptionem
2136 2869 2473 2946 adfuerunt,
2527 2867 2978 2929 adhaerentibus
3023 2866 3291 2939 reliquiis

724 2952 995 3012 villorum
1048 2953 1333 3028 animalis,
1398 2954 1550 3026 quod
1609 2954 1707 3013 ubi
1772 2956 2004 3032 accidit,
2063 2955 2255 3014 scriba
2320 2952 2700 3014 foraminibus
2757 2953 2991 3013 anulum
3045 2954 3290 3013 circum·

724 3038 910 3116 dedit,
978 3058 1163 3110 neque
1222 3039 1401 3098 ullum
1458 3039 1695 3099 verbum
1751 3041 1947 3112 periit.
2038 3039 2378 3101 Membrana
2420 3040 2604 3099 multo
2648 3039 2834 3100 levior
2876 3049 2968 3098 est
3011 3039 3070 3097 in
3115 3049 3288 3111 parte

721 3124 1031 3202 exteriore,
1076 3143 1249 3197 quam
1294 3125 1354 3183 in
1399 3126 1695 3186 interiore.
1764 3125 1950 3184 Totus
1996 3127 2176 3186 codex
2223 3127 2280 3185 in
2329 3133 2406 3184 25
2455 3125 2765 3185 fasciculos
2811 3125 3285 3199 (quaterniones)

722 3210 945 3270 divisus
990 3220 1109 3286 est,
1168 3230 1413 3282 quorum
1468 3210 1678 3283 singuli
1743 3213 1774 3268 7
1823 3212 1947 3270 fere
2014 3211 2155 3271 folia
2217 3211 2468 3284 habent,
2535 3230 2722 3282 neque
2786 3221 2979 3269 tamen
3033 3211 3091 3268 in
3136 3210 3288 3269 hanc

723 3295 1068 3355 divisionem
1134 3296 1551 3367 comprehensa
1593 3305 1729 3354 sunt
1774 3298 1960 3368 prima
2011 3296 2208 3356 decem
2253 3296 2412 3373 folia,
2468 3316 2615 3369 quae
2662 3295 2807 3355 nihil
2852 3315 2926 3354 ex
2969 3293 3288 3367 evangeliis

722 3378 955 3441 habent.
1067 3380 1301 3440 Primus
1368 3381 1680 3440 fasciculus
1746 3382 1805 3440 in
1867 3382 1966 3444 fol.
2037 3389 2107 3441 18
2171 3402 2340 3442 verso
2400 3382 2649 3458 desinit,
2710 3381 2996 3440 secundus
3062 3381 3124 3439 in
3181 3379 3283 3442 fol.

728 3473 804 3524 25
851 3484 931 3542 v.,
977 3465 1189 3524 tertius
1233 3465 1293 3524 in
1323 3466 1422 3527 fol.
1461 3473 1538 3525 82
1570 3485 1625 3527 v.
1658 3476 1720 3525 et
1749 3469 1834 3526 sic
1863 3488 2058 3545 porro,
2103 3467 2237 3527 vide
2268 3485 2535 3526 numeros
2582 3465 2616 3525 Ι
2662 3465 2730 3525 Π
2773 3465 2876 3525 ΙΠ
2920 3467 2980 3525 in
3025 3465 3287 3525 editione

723 3570 850 3622 pag.
903 3556 1002 3626 32,
1050 3555 1151 3621 46,
1202 3556 1278 3610 60
1326 3560 1437 3611 etc.
1486 3553 1545 3610 in
1589 3551 1761 3614 calce.
2969 3613 2982 3618 ,

813 3641 821 3649 ’
878 3634 1042 3696 .Foll.
1094 3642 1279 3714 5—8,
1345 3637 1405 3695 in
1470 3636 1680 3709 quibus
1746 3639 1948 3698 insunt
1990 3640 2163 3712 primi
2219 3650 2349 3699 octo
2396 3638 2637 3698 Eusebii
2682 3656 2928 3697 canones
2975 3638 3285 3711 (postremi

724 3719 860 3798 duo,
905 3721 1005 3792 qni
1050 3722 1111 3780 in
1155 3742 1291 3798 uno,
1337 3723 1583 3783 fortasse
1627 3724 1892 3795 pluribus
1938 3724 2094 3785 foliis
2124 3725 2330 3797 scripti
2370 3735 2557 3801 erant,
2603 3722 3076 3794 interciderunt),
3120 3722 3286 3781 varia

724 3804 942 3865 habent
984 3819 1339 3884 ornamenta,
1384 3828 1551 3868 arcus
1597 3809 1898 3884 rotundos,
1944 3809 2277 3869 animalium
2321 3810 2552 3886 figuras,
2597 3807 3035 3882 quatuordeeim
3077 3827 3287 3879 parvas

726 3890 1071 3952 Sanctorum
1115 3894 1390 3964 imagines
1433 3893 1810 3974 versicolores
1832 3891 1903 3967 1).
1995 3894 2066 3954 In
2111 3894 2253 3954 folio
2310 3905 2343 3953 9
2390 3915 2445 3953 v.
2493 3895 2726 3967 depicta
2769 3904 2862 3953 est
2903 3893 3091 3965 imago
3137 3892 3288 3952 Mat—

727 3978 907 4054 thaei,
951 3978 1218 4037 volumen
1264 3979 1545 4052 evangelii
1590 3981 1680 4038 sni
1726 4000 1900 4040 manu
1946 3980 2220 4056 tenentis,
2265 3981 2323 4038 in
2368 4001 2482 4052 quo
2525 3980 2743 4039 litteris
2781 3979 2975 4048 aureis
3005 3979 3288 4050 inscripta

727 4075 865 4122 sunt
909 4063 1095 4135 prima
1137 4063 1341 4123 verba:
1398 4064 1612 4124 »Liber
1651 4066 2043 4138 generationis
2089 4062 2192 4125 ihii
2237 4072 2394 4137 xpi«
2504 4064 2697 4138 Supra
2739 4075 2916 4137 caput
2959 4065 3149 4136 pictus
3195 4072 3288 4122 est

727 4148 963 4222 angelus
1029 4158 1092 4207 et
1156 4148 1230 4208 ad
1295 4159 1606 4221 utrumque
1671 4150 1826 4210 latus
1892 4152 2082 4211 minor
2144 4153 2361 4224 ima303
2428 4151 2570 4210 haee
2615 4151 2809 4211 omnia
2852 4170 2990 4209 arcu
3035 4147 3286 4209 rotundo

728 4233 1021 4293 variorum
1066 4234 1321 4295 colorum
1368 4235 1724 4296 circumdata
1766 4247 1905 4296 sunt
1918 4232 1991 4312 ²).
2054 4237 2180 4299 Fol.
2239 4243 2352 4296 150
2384 4257 2439 4296 v.
2486 4236 2734 4296 similem
2779 4235 3019 4295 exhibet
3049 4234 3286 4299 Ioannis

730 4320 1056 4395 imaginem,
1100 4330 1164 4379 et
1206 4321 1390 4393 ipsam
1420 4342 1556 4381 arcu
1588 4322 1766 4381 variis
1795 4321 2083 4383 coloribus
2113 4333 2317 4383 ornato
2347 4321 2780 4383 circumdatam.
2841 4320 2966 4381 Fol.
3001 4325 3075 4379 10
3123 4329 3284 4379 recto

729 4403 1090 4477 evangelium
1120 4404 1409 4465 Matthaei
1455 4407 1692 4480 incipit,
1740 4407 1841 4467 sed
1889 4409 2091 4468 folium
2128 4414 2196 4467 11
2236 4429 2282 4469 r.
2331 4427 2435 4479 pro
2481 4407 2675 4468 fronte
2721 4426 2836 4466 non
2879 4406 3065 4465 solum
3109 4405 3287 4464 huius

833 4587 864 4641 ¹)
892 4587 1014 4634 Vide
1030 4588 1147 4635 Ταῦ.
1169 4587 1235 4640 11,
1265 4589 1344 4633 ubi
1372 4597 1470 4634 una
1483 4590 1671 4634 illarum
1696 4591 1965 4636 tabularum
1993 4595 2142 4637 forma
2160 4590 2404 4636 deminuta
2427 4591 2527 4636 sine
2545 4590 2690 4636 variis
2707 4590 2937 4634 coloribus
2955 4602 3172 4641 expromo,
3197 4595 3284 4636 est.

831 4656 864 4704 ²>
892 4655 1159 4768 Vitzt'llab.
1187 4656 1285 4708 111.
1324 4658 1404 4703 ubi
1431 4658 1586 4709 imago
1611 4669 1717 4702 eum
1745 4671 1857 4702 arcu
1884 4663 1930 4704 et
1956 4660 2242 4705 ornamentIs
2269 4659 2416 4704 forma
2441 4657 2685 4703 deminuta
2723 4657 2822 4702 sine
2869 4658 3010 4703 variis
3053 4657 3288 4704 coloribus

728 4735 947 4775 expreoea
1044 4755 1055 4766 .
