3634 5717
363 685 479 749 Fol
533 687 654 752 168

374 1345 480 1423 ‚49

397 2555 473 2618 51

399 3162 484 3227 52

567 892 632 951 et
673 885 979 951 dixerunt
1022 884 1083 950 ei
1132 905 1348 950 nonne

568 1039 732 1104 bene
778 1056 897 1104 nos
942 1035 1219 1102 dicimus
1266 1038 1421 1120 qvia

568 1190 1005 1256 samaritanus
1051 1209 1122 1255 es
1166 1195 1235 1254 tu
1280 1197 1347 1256 et

568 1341 919 1408 daemonifi
966 1341 1170 1408 habes
1221 1343 1312 1406 Re

567 1492 836 1577 spondit
882 1493 983 1558 ihs
1030 1513 1156 1577 ego
1202 1493 1329 1560 dae

569 1643 791 1710 moniti
840 1665 966 1711 non
1013 1645 1225 1711 habeo
1268 1644 1385 1711 sed

567 1797 926 1863 honorifieo
974 1803 1160 1881 patre
1208 1805 1351 1864 mei

569 1956 634 2013 et
677 1968 795 2014 uos
840 1968 943 2014 me
989 1968 1119 2013 non
1166 1947 1339 2014 hono

571 2098 840 2164 rifioatis
887 2120 1011 2184 ego
1066 2099 1124 2163 h'
1171 2120 1295 2165 non
1346 2071 1487 2183 {111ae

569 2271 641 2316 ro
681 2233 904 2334 'gioria
948 2272 1158 2317 meam
1205 2262 1306 2318 est

489 2489 492 2494 ⁴
572 2377 692 2486 quie
728 2410 978 2485 quaerat
1022 2416 1086 2468 et
1126 2403 1373 2470 iudieet

571 2574 760 2621 amen
807 2576 997 2622 amen
1046 2554 1194 2621 dieo
1237 2577 1317 2622 uo

572 2706 672 2771 bis
717 2707 774 2771 si
820 2707 966 2789 quis
1009 2716 1309 2775 sermone

574 2869 721 2924 meti
767 2861 1129 2928 seruauerit
1175 2881 1315 2926 mor

575 3018 639 3077 te
688 3032 813 3076 non
862 3011 1111 3079 uidebit
1156 3014 1220 3078 in
1271 3036 1349 3081 ae

570 3165 759 3229 ternfi
807 3164 1113 3231 dixerunt
1157 3186 1228 3231 er

574 3337 659 3400 go
705 3317 901 3381 iudaei
948 3338 1120 3383 nune
1163 3339 1372 3401 oogno

575 3468 784 3533 nimus
830 3462 985 3551 qilia
1029 3467 1332 3533 daemoni

571 3640 678 3685 um
725 3619 928 3685 habes
975 3620 1224 3688 abraha
1268 3642 1406 3685 mor

573 3778 719 3838 tuns
763 3780 864 3837 est
908 3782 971 3836 et
1017 3773 1265 3856 prophe

573 3932 678 3990 tae
724 3922 904 3991 et'tu
949 3923 1113 3991 dieis
1160 3926 1216 3990 si
1262 3912 1407 4009 quis

572 4088 869 4143 sermone
915 4098 1126 4145 meum
1177 4100 1282 4143 ser

572 4232 826 4296 nanerit
871 4250 997 4297 non
1047 4241 1241 4314 gusta

493 4370 499 4376 ’
573 4382 669 4447 bit
714 4388 920 4447 morte
964 4383 1032 4448 in
1080 4393 1258 4449 aeter

368 4533 487 4596 '53
576 4536 662 4599 nti
710 4534 1018 4616 numquid
1067 4540 1134 4598 tu
1180 4554 1287 4597 ma

883 4686 979 4750 ior
1021 4706 1094 4752 es

1481 680 1774 749 lohcs

1722 2416 1805 2479 55

1720 3918 1802 3983 57

1718 4537 1801 4600 58

1890 894 2076 970 patre
2123 892 2344 952 nostro
2390 884 2553 951 abra

1886 1038 2037 1104 ham
2083 1038 2192 1121 qui
2240 1045 2527 1103 mortuus
2571 1044 2671 1101 est

1887 1198 1954 1255 et
1998 1190 2361 1274 prophetae
2409 1208 2547 1258 mor

1891 1340 1984 1406 tui
2031 1349 2181 1407 sunt
2224 1352 2347 1425 que
2394 1348 2459 1406 te
2505 1339 2718 1425 ipsum

1890 1493 2056 1559 faois
2103 1493 2466 1577 Respondit
2511 1492 2614 1557 ihs

1890 1645 1947 1709 si
1992 1666 2118 1728 ego
2167 1644 2455 1712 elarifieo
2503 1664 2606 1709 me
2652 1644 2799 1727 ipsfi

1890 1798 2106 1881 gloria
2149 1818 2298 1864 mea
2343 1797 2504 1863 nihil
2552 1806 2651 1862 est

1892 1957 1989 2014 est
2038 1959 2224 2033 pater
2276 1971 2455 2017 meus
2501 1947 2617 2033 qui
2656 1999 2663 2010 .

1891 2100 2217 2183 glorificat
2265 2122 2367 2166 me
2412 2114 2534 2183 que
2584 2122 2698 2166 uos

1893 2250 2112 2318 dicitis
2158 2252 2309 2333 quia
2357 2250 2435 2316 ds
2482 2262 2703 2318 noster

1895 2411 1995 2468 est
2038 2413 2102 2467 et
2153 2422 2275 2468 non
2326 2404 2641 2486 cognonis

1892 2555 1977 2619 tis
2025 2574 2169 2620 eum
2216 2574 2340 2638 ego
2387 2564 2537 2621 aute
2583 2558 2675 2623 sei

1894 2734 1930 2770 υ
1977 2727 2122 2773 enm
2169 2716 2236 2774 et
2277 2710 2333 2773 si
2380 2709 2607 2775 dixero
2657 2712 2811 2793 qvia

1895 2880 2019 2926 non
2068 2859 2204 2926 seio
2251 2869 2330 2925 en
2379 2881 2489 2927 ero
2534 2862 2683 2926 simi

1894 3015 1975 3079 lis
2019 3015 2207 3079 uobis
2253 3013 2537 3079 mendax
2583 3016 2699 3080 sed

1893 3167 2028 3230 scio
2074 3175 2155 3231 esi
2203 3174 2269 3231 et
2314 3179 2613 3233 sermone

1895 3318 2034 3382 eius
2082 3337 2271 3382 seruo
2318 3318 2566 3383 abraha

1897 3475 2080 3549 pater
2125 3476 2340 3533 nester
2386 3468 2531 3533 exul

1893 3618 2059 3683 tauit
2103 3626 2172 3682 nt
2217 3575 2471 3685 uidere}
2516 3620 2581 3683 di

1895 3791 1994 3835 em
2041 3772 2189 3837 meti
2237 3779 2303 3836 et
2346 3772 2513 3836 uidit
2559 3781 2622 3838 et

1894 3924 2161 4006 gauisus
2209 3932 2307 3988 est
2352 3923 2659 3991 dixerunt

1889 4096 2047 4160 ergo
2090 4076 2286 4142 iudaei
2334 4076 2416 4142 ad
2466 4088 2546 4141 esi
2595 4078 2749 4160 quin

1887 4230 2208 4311 quaginta
2252 4250 2458 4295 annos
2507 4252 2631 4294 non

1892 4381 2043 4445 dnm
2090 4382 2293 4448 habes
2340 4392 2404 4446 et
2448 4385 2609 4448 abra

1892 4534 1976 4599 ha
2023 4534 2244 4598 uidisti
2300 4535 2480 4598 Dixit
2527 4536 2621 4599 eis
