3634 5717
423 638 544 706 Pol
587 639 631 705 3

423 843 770 912 sacerdote
812 842 1173 931 sumpsisse
1215 841 1477 911 initium
1507 862 1645 928 proe

423 946 666 1032 figurat
694 944 946 1026 Quarta
987 944 1343 1013 iohannem
1386 964 1644 1030 euange

293 1085 305 1092 -
421 1043 645 1116 listam
688 1047 801 1133 qui
830 1046 1199 1134 adsumptis
1229 1045 1452 1133 pinnis
1488 1047 1643 1131 aqui

421 1150 530 1218 lae
574 1156 642 1217 et
684 1149 771 1217 ad
814 1148 1055 1217 altiora
1082 1148 1405 1220 festinans
1448 1157 1516 1219 et
1558 1150 1643 1219 de

422 1251 625 1320 uerbo
669 1251 741 1319 di
784 1250 1081 1338 disputat
1123 1258 1365 1322 eaetera
1393 1272 1539 1339 quoe
1571 1273 1645 1321 se

424 1360 656 1421 euntur
697 1353 768 1419 in
811 1352 1093 1421 eundem
1131 1373 1397 1421 sensum
1438 1354 1607 1441 profi

424 1455 606 1522 eiunt
647 1475 840 1524 erura
880 1475 1104 1522 eorum
1147 1462 1332 1524 reeta
1374 1462 1442 1523 et
1483 1455 1600 1543 pin

424 1556 566 1625 nati
609 1557 814 1644 pedes
861 1576 1084 1624 eorum
1129 1562 1197 1624 et
1240 1577 1645 1643 quoeumque

424 1663 539 1745 sps
569 1657 708 1726 ibat
735 1658 923 1727 ibant
964 1664 1034 1726 et
1074 1679 1207 1727 non
1253 1657 1641 1727 reuertebnn

424 1765 529 1827 tur
572 1766 640 1829 et
683 1759 882 1828 dorsa
925 1781 1147 1828 eorum
1192 1761 1395 1847 plena
1437 1760 1643 1829 oeulis

425 1870 493 1931 et
505 1862 836 1931 suintillae
861 1882 941 1930 ae
960 1861 1305 1948 lampades
1329 1862 1398 1930 in
1424 1864 1643 1932 medio

426 1967 866 2035 discurrentes
911 1970 979 2032 et
1018 1971 1167 2032 rota
1208 1964 1277 2031 in
1323 1972 1472 2034 rota
1512 1972 1580 2034 et

424 2070 493 2137 in
536 2066 819 2155 singulis
864 2072 1170 2152 quattuor
1220 2066 1427 2134 feeies
1468 2066 1646 2135 unde

425 2179 494 2241 et
523 2168 929 2256 apocalipsis
963 2167 1272 2235 iohannis
1299 2174 1453 2254 post
1475 2188 1646 2255 expo

425 2273 735 2341 sitionem
777 2268 1022 2354 uiginti
1067 2275 1374 2353 quattuor
1418 2270 1605 2337 senio

427 2394 569 2442 rum
614 2372 728 2457 qui
768 2375 1073 2437 tenentes
1116 2368 1407 2437 eitharas
1451 2376 1519 2436 et
1559 2369 1650 2438 fin

428 2476 531 2542 las
574 2472 858 2542 adorant
899 2489 1142 2555 agnum
1188 2469 1259 2537 di
1294 2470 1652 2539 introdueit

429 2575 692 2661 fulgore
731 2579 803 2642 et
841 2570 1133 2640 tonitrua
1173 2577 1242 2640 et
1281 2578 1535 2659 septem

430 2683 545 2764 sps
587 2675 660 2743 di
702 2674 1142 2743 diseurrentes
1187 2680 1254 2741 et
1297 2693 1480 2742 mare
1524 2673 1592 2741 ui

428 2788 637 2848 treum
680 2782 748 2844 et
788 2781 1097 2861 quattuor
1137 2775 1457 2843 animalia

427 2883 629 2968 plena
669 2877 877 2948 oeulis
920 2876 1148 2944 dieens
1191 2876 1440 2945 animal
1484 2877 1590 2964 pri

427 2980 601 3051 mum
645 2979 863 3047 simile
905 2977 1139 3065 leonis'
1161 2985 1229 3047 et
1270 2978 1564 3047 seeun‘dfi

425 3084 643 3154 simile
685 3082 907 3169 Q
933 3087 1000 3147 et
1042 3080 1304 3148 tertium
1350 3079 1568 3147 simile

425 3185 711 3270 homi-¹11⁸
763 3190 833 3252 et
885 3187 1186 3269 quartum
1228 3181 1447 3249 simile
1438 3182 1645 3280 ΔΨ

427 3292 535 3358 lae
572 3285 826 3355 uolanti
870 3291 938 3352 et
979 3290 1131 3370 post
1173 3284 1509 3369 paululum

427 3392 628 3478 plena
670 3386 901 3474 inquid
945 3391 1137 3454 erant
1179 3385 1385 3453 oeulis
1430 3392 1499 3452 et

296 3506 305 3510 ’
425 3491 719 3579 requiem
762 3508 897 3556 non
938 3485 1276 3555 habebant
1317 3486 1428 3554 die
1471 3508 1552 3555 ae

428 3599 621 3661 noete
666 3590 958 3659 dicentia
997 3593 1105 3656 ses
1146 3593 1253 3656 ses
1296 3593 1402 3657 ses
1445 3587 1570 3655 diis

430 3694 510 3762 ds
553 3692 970 3779 omnipotens
1015 3689 1127 3775 qui
1171 3696 1316 3758 erat
1358 3695 1425 3757 et
1468 3689 1579 3775 qui

431 3804 534 3865 est
575 3802 642 3863 et
684 3794 796 3881 qui
836 3799 1148 3860 uenturus
1186 3796 1290 3859 est
1330 3791 1562 3877 quibus

430 3898 681 3967 eunetis
725 3894 1117 3983 perspiouae
1160 3891 1529 3962 ostenditur

432 4006 735 4087 quattuor
777 4004 1034 4065 tantum
1075 3993 1319 4064 debere
1362 4014 1530 4063 enan

433 4101 613 4188 gelia
654 4098 899 4185 suseipi
956 4103 1025 4166 et
1073 4115 1301 4192 omnes
1343 4094 1647 4182 apogrifo

433 4223 573 4271 rum
624 4201 858 4270 nenias
915 4199 1188 4267 mortuis
1233 4196 1448 4283 magis
1491 4196 1650 4264 here

431 4304 581 4372 tieis
625 4322 818 4389 quam
866 4299 1332 4369 eeclesiastieis
1377 4297 1549 4366 uiuis

433 4403 787 4474 oanendas.

1657 2999 1751 3055 μθ

1767 2943 1822 3020 «A
1871 2903 2246 2996 mmo-„³1

1913 2993 2040 3046 {2¹-

1879 3025 1898 3038 a

1806 3045 1892 3074 ,ik-

1750 4157 2314 4228 Preeiosissimum
2372 4155 2544 4222 hune
2608 4152 2974 4239 Euangelio

1753 4281 1894 4328 rum
1921 4258 2232 4328 Codieem
2277 4256 2408 4325 emi
2451 4277 2533 4323 ex
2565 4255 2822 4321 famosa
2856 4253 2977 4320 illa

1755 4360 2169 4429 Bibliotheea
2218 4358 2387 4438 ,mm-1
2425 4353 2825 4425 Marehionis
2891 4353 2976 4421 de

1756 4462 2019 4530 LIGHE
2083 4461 2369 4529 Mantum
2432 4458 2740 4543 Carpent-
2885 4453 2980 4540 Ag

1760 4566 1948 4649 1690,
2013 4562 2076 4631 d.
2133 4564 2175 4630 8
2231 4562 2382 4630 Jan.
2470 4560 2614 4643 Ego
2680 4554 2977 4623 Joonnes

1758 4664 2028 4736 Gabriel
2040 4658 2528 4754 Sparwenfeldt
2542 4656 2694 4724 nob.
2710 4653 2976 4724 Sueeus.
