3634 5717
739 674 824 740 82

772 1185 855 1249 26

1806 672 2176 761 Mtceo

945 876 1228 942 maiores
1273 881 1427 942 sunt
1469 882 1656 960 potes

946 1033 1081 1093 tate
1127 1034 1474 1094 exeereent
1518 1028 1584 1093 in
1632 1047 1744 1094 eos

943 1199 1075 1244 non
1120 1180 1217 1245 ita
1260 1178 1384 1245 erit
1429 1179 1599 1245 inter
1642 1198 1760 1244 uos

944 1330 1064 1396 sed
1109 1331 1365 1414 quieflq'
1406 1329 1690 1403 uoluerit

947 1481 1118 1549 inter
1161 1502 1277 1547 uos
1318 1484 1527 1549 maior
1574 1482 1657 1550 fie

2268 873 2325 939 si
2368 880 2520 941 aute
2566 873 2937 940 recubueris

2271 1026 2339 1091 in
2385 1024 2681 1091 inferiori
2723 1026 2869 1094 loeo
2914 1032 2983 1092 et

2270 1177 2722 1262 superuenerit
2763 1177 2898 1243 infe

2270 1328 2402 1394 rior
2446 1336 2512 1396 te
2557 1329 2734 1395 dicet
2776 1328 2897 1395 tibi
2942 1327 3051 1410 qui

2268 1488 2333 1547 te
2378 1481 2463 1548 ad
2510 1493 2692 1547 eaena
2732 1478 2997 1548 uocauit

945 1634 1002 1697 ri
1047 1635 1135 1700 sit
1181 1642 1395 1702 uester
1439 1634 1740 1701 minister
2269 1634 2510 1730 aceede
2556 1633 2770 1700 adhue
2813 1653 2978 1719 supe

768 1796 850 1861 27
945 1791 1012 1850 et
1056 1785 1167 1868 qni
1190 1785 1491 1880 'uoluerit
1533 1785 1708 1851 inter
2267 1784 2402 1850 rius
2450 1791 2518 1851 et
2560 1786 2686 1852 erit
2728 1785 2848 1851 tibi
2894 1785 3020 1852 hoe

945 1956 1063 2003 uos
1103 1935 1348 2021 primns
1394 1957 1539 2004 esse
1584 1938 1708 2004 erit
2265 1935 2491 2002 utilius

769 2088 851 2152 28
938 2095 1157 2155 uester
1199 2109 1425 2155 seruus
1470 2089 1652 2156 Sient
2094 2087 2177 2151 29
2264 2088 2349 2152 Et
2393 2088 2823 2172 egredientib'
2866 2089 2951 2154 ab
2996 2089 3059 2156 ie

741 2174 811 2216 mt
836 2172 914 2215 m5
2065 2169 2129 2215 Br
2154 2172 2206 2214 60

738 2224 912 2370 ἰωζῖςὸ
948 2240 1121 2318 filius
1164 2241 1450 2307 hominis
1495 2263 1623 2307 non
1670 2262 1751 2309 ne
2067 2223 2240 2368 ’Ἓξ
2271 2240 2452 2306 rieho
2502 2250 2766 2309 secutae
2808 2235 2959 2308 sunt

758 2338 785 2369 6
2065 2337 2139 2368 ml'

737 2381 786 2422 et
812 2379 889 2423 135
2072 2377 2119 2419 le
2144 2377 2220 2420 224

949 2394 1047 2459 nit
1090 2393 1449 2461 ministrari
1494 2392 1613 2461 sed
1657 2394 1746 2460 mi
2100 2426 2187 2491 30
2275 2413 2419 2460 eum
2467 2395 2673 2460 turbae
2718 2401 2802 2485 et·
2828 2414 2980 2460 eeee

945 2546 1226 2613 nistrare
1271 2554 1339 2613 et
1380 2547 1539 2614 dare
1586 2546 1697 2613 ani
2271 2544 2401 2612 duo
2447 2546 2603 2614 eaeei
2647 2546 2953 2613 sedentes
3039 2644 3044 2649 ἡ

814 2744 821 2751 -
947 2710 1053 2763 ma
1097 2717 1281 2765 snam
1327 2697 1700 2783 redemptio
2270 2716 2459 2764 secus
2502 2697 2679 2765 uiam
2724 2698 2996 2765 audiern

947 2869 1096 2915 nem
1142 2870 1261 2934 pro
1306 2848 1527 2914 multis
1569 2868 1687 2914 uos
2271 2857 2344 2915 nt
2381 2850 2536 2934 qnia
2576 2851 2681 2916 ihs
2723 2851 3035 2920 transiret

948 3007 1099 3066 aute
1146 3000 1437 3084 qnaeritis
1483 3000 1565 3067 de
1610 3021 1698 3086 pv
2272 3002 2721 3070 elamauerunt
2764 3003 2955 3071 dieen

947 3154 1097 3219 sillo
1143 3172 1437 3220 erescere
1481 3158 1549 3220 et
1593 3153 1676 3219 de
1721 3154 1810 3220 mi
2273 3161 2373 3221 tes
2420 3154 2550 3221 dne
2596 3155 2891 3223 misereri
2936 3175 3056 3222 nos

949 3305 1125 3372 nimo
1170 3305 1455 3372 maiores
1500 3324 1646 3371 esse
2099 3321 2179 3386 31
2271 3306 2353 3371 tri
2401 3306 2496 3372 fili
2541 3305 2745 3375 dauid
2788 3309 2977 3375 turba
3021 3329 3107 3375 av

949 3467 1030 3523 en
1069 3457 1454 3525 introieritis
1499 3463 1648 3523 aute
2272 3466 2337 3525 te
2382 3459 2767 3545 increpabat
2810 3460 2905 3527 eis
2949 3468 3022 3527 nt

948 3608 1035 3675 ad
1080 3621 1262 3675 caene
1303 3608 1524 3676 uocati
1568 3608 1774 3675 nolite
2270 3619 2565 3680 tacerent
2608 3618 2679 3679 at
2720 3612 2819 3678 illi
2865 3634 2974 3679 ma

947 3720 1323 3829 recumbere
1369 3762 1438 3826 in
1484 3760 1648 3827 loeis
1693 3782 1731 3827 e
2270 3764 2376 3849 gis
2420 3765 2796 3832 clamabant
2838 3763 3031 3830 dicen

947 3914 1384 3981 minentiorib'
1428 3935 1512 3980 ne
1556 3914 1657 3979 for
2272 3922 2372 3981 tes
2417 3916 2548 3982 dne
2588 3915 2898 3983 miserere
2941 3937 3061 3983 nos

947 4073 1014 4132 te
1057 4066 1440 4132 honoratior
1483 4074 1549 4132 te
1587 4084 1785 4149 super
2100 4070 2185 4134 32
2272 4067 2356 4131 tri
2394 4066 2489 4132 fili
2534 4067 2736 4135 dauid
2781 4077 2848 4135 et
2890 4068 3075 4135 stetit

2271 4219 2374 4284 ihs
2418 4225 2485 4286 et
2528 4219 2792 4285 noeauit
2835 4239 2947 4286 eos

2271 4376 2337 4437 et
2378 4370 2475 4438 ait
2516 4370 2673 4455 quid
2716 4370 2915 4438 uultis
2959 4376 3031 4437 ut

949 4217 1177 4283 ueniat
1220 4223 1286 4282 et
1322 4216 1644 4283 accedens

948 4367 1058 4451 qui
1103 4368 1368 4436 uooauit
1409 4376 1474 4435 te
1519 4367 1699 4435 dieat
1741 4367 1792 4433 ti

948 4520 1013 4585 bi
1059 4521 1275 4587 adhue
1320 4520 1560 4588 deorse
1604 4541 1758 4588 aeee
2271 4523 2441 4589 faeie.
2485 4522 2671 4589 nobis
2717 4523 2942 4588 dieunt
2986 4522 3033 4588 il

860 4754 865 4759 ¹
948 4673 1032 4739 de
1076 4679 1141 4739 et
1185 4671 1606 4739 confundaris
1959 4755 1968 4768 ι
2093 4673 2177 4737 33
2667 4674 2715 4738 li
